2820 4688
605 265 768 319 tractatus
783 262 834 318 111.
1233 247 1276 312 53

172 417 335 502 culpabiles
361 436 478 498 sumus,
508 436 580 483 cum
601 419 699 502 magis
721 419 759 484 ob
781 419 838 484 luoe
859 419 903 482 rei
925 436 1041 498 sumus,
1068 419 1149 501 quod
1173 419 1276 483 omnia

171 539 244 603 quae
270 522 308 586 de
334 522 390 586 deo
412 524 485 585 sunt
506 521 657 603 protelata
677 538 739 586 non
760 522 912 604 legimus?
946 520 1016 585 Non
1042 521 1146 585 dubito
1172 524 1275 586 summ

170 641 354 705 quemquam
382 641 419 687 ex
446 623 494 687 his
521 624 573 704 qui
601 624 770 687 calumnias
791 623 893 706 pedus
915 641 1007 706 quam
1029 623 1121 687 tidem
1147 623 1276 706 diligunt

129 719 131 723 ’
170 743 233 790 esse
254 725 421 790 dicturum:
451 725 532 790 ultra
554 725 630 790 nihil
651 727 795 807 quaeras!
825 724 938 814 sufficit
959 729 989 789 te
1014 726 1116 808 legere
1142 725 1222 807 quod
1243 726 1275 788 in

138 837 281 893 rcancne
304 827 452 892 scribtum
474 831 530 891 est.
568 827 662 892 Ouios
688 827 812 908 quidem
833 827 935 891 uerbis
961 827 1048 891 iacile
1069 827 1191 910 ingenio
1217 826 1274 890 bu-

168 947 274 994 manae
305 933 432 994 naturae
461 947 538 1011 quae
561 929 657 993 etium
678 929 781 1012 potius
803 946 896 1011 quem
917 928 1054 993 laborem
1075 929 1200 1011 requirit
1221 928 1274 992 ad·

167 1049 333 1115 surgerem,
354 1031 414 1095 uisi
434 1050 484 1095 me
503 1030 604 1094 Lucae
617 1027 627 1115 fl
641 1031 846 1114 euangelistae
868 1031 1076 1095 testimonium
1096 1033 1275 1114 perurgeret
1296 1039 1334 1092 69

167 1133 291 1198 dicentis
319 1133 352 1198 in
381 1133 498 1198 actibus
528 1133 747 1215 apestolorum:
781 1131 1002 1214 addiscipuli
1029 1133 1166 1216 pariter
1194 1150 1274 1196 eon-

166 1235 334 1305 ferebant
355 1235 453 1300 inter
474 1253 511 1298 se
526 1233 746 1314 scribturas,
769 1235 800 1298 si
815 1234 868 1298 ita
882 1238 994 1314 esset,
1016 1235 1274 1316 quemadmodum

137 1337 284 1402 clocutus
309 1336 412 1402 iuerat
433 1337 472 1400 ad
493 1354 545 1400 ees
565 1336 690 1414 Paulus,
713 1338 745 1399 et
766 1353 803 1399 ea
824 1353 954 1417 quorum
975 1336 1183 1419 cognitionem
1204 1336 1274 1401 uolo

165 1439 376 1504 testimenium
394 1438 573 1521 prophetiae
592 1438 624 1501 in
644 1455 759 1501 canone
775 1439 928 1520 accepisse
943 1455 1101 1522 cognosco.
1125 1436 1273 1518 Quamuis
1406 1453 1409 1460 ·

165 1542 246 1606 enim
267 1541 385 1605 crimen
407 1541 448 1605 sit
471 1540 645 1623 apostolicis
668 1557 730 1604 non
744 1539 909 1604 credidisse
925 1539 1127 1620 sermonibus,
1150 1544 1275 1605 nonest

165 1647 268 1709 tamen
293 1643 479 1707 damnabilis
509 1643 616 1725 cnlpae
645 1641 877 1705 firmamentum
901 1641 972 1705 fidei
994 1643 1179 1725 scriptorum
1204 1660 1274 1725 pro·

164 1744 286 1810 batione
314 1748 490 1810 construere
521 1749 552 1809 et
580 1744 658 1809 nihil
686 1745 719 1808 iu
748 1762 808 1825 quo
837 1762 893 1808 nos
924 1743 1060 1808 infirmes
1087 1745 1273 1828 redarguitis

137 1847 275 1913 ccdiaboli
296 1848 392 1922 faciat
411 1865 578 1913 reseruare.
611 1847 718 1911 Potuit
739 1847 822 1910 enim
845 1865 944 1910 sermo
967 1846 1100 1927 diuinus,
1128 1848 1273 1930 quoniam

165 1950 259 2034 ipsius
281 1954 348 2015 erat
369 1968 460 2027 omne
483 1951 563 2032 quod
585 1950 711 2029 dixerat,
731 1947 735 2032 Ι
755 1953 915 2031 tamquam
938 1949 975 2013 ab
998 1968 1031 2012 se
1060 1950 1188 2030 loquens
1211 1968 1273 2014 non

165 2051 313 2117 scribtum
334 2051 373 2116 ab
396 2052 455 2117 alic
477 2052 587 2130 dicere,
610 2051 720 2114 seder
743 2069 775 2115 se
797 2051 862 2133 ipse
877 2051 1026 2134 proferre
1049 2051 1153 2114 dicens
1168 2055 1272 2115 autem

166 2154 313 2219 scribtum
324 2172 402 2234 esse,
417 2153 588 2218 necessario
599 2170 770 2236 proponens
783 2152 871 2217 nobis
885 2153 1008 2236 legendi
1023 2152 1272 2234 sollicitudinem,

166 2259 194 2321 et
217 2274 308 2321 suam
336 2256 374 2320 de
403 2274 463 2339 qno
484 2256 672 2339 protelatum
693 2256 793 2319 tuerat
814 2255 944 2338 gloriam
966 2260 998 2321 et
1023 2255 1106 2319 illins
1129 2255 1182 2338 qni
1202 2273 1273 2339 pro·

137 2357 314 2424 cietauerat
341 2358 478 2430 debitam
506 2357 679 2441 posteritati
703 2357 837 2440 gratiam
865 2375 927 2421 non
953 2357 1066 2421 omisit.
1102 2357 1168 2442 llgo
1190 2362 1273 2422 certe

165 2459 242 2526 iuter
256 2465 402 2543 utusque
417 2461 556 2542 nmisque
578 2458 721 2524 debitor
743 2476 836 2540 sum,
858 2464 894 2524 ut
915 2464 947 2525 et
968 2460 1066 2524 illum
1079 2460 1131 2542 qui
1153 2461 1192 2524 ad
1207 2480 1273 2525 me-

165 2563 293 2627 moriam
307 2564 451 2628 dininam
473 2563 672 2645 profetauerit
693 2563 796 2645 legam
818 2565 850 2626 et
871 2562 927 2626 deo
942 2563 1074 2626 credam.
1098 2562 1173 2642 Quis
1189 2564 1272 2627 enim

132 2681 224 2746 „uon
250 2664 420 2729 delectetur
449 2663 607 2729 christum
634 2667 706 2728 ante
729 2665 851 2728 saecula
879 2681 941 2728 non
963 2681 982 2728 a
1002 2665 1119 2748 paucis,
1149 2665 1204 2729 sed
1232 2664 1271 2729 ab

165 2767 305 2832 omnibus
333 2769 542 2851 protelatumi
572 2770 626 2831 aut
655 2767 724 2849 quis
754 2767 877 2831 diuinae
899 2768 1122 2851 magnitudinis
1149 2772 1271 2833 ettam

127 2863 349 2938 ‘undecimis
370 2869 512 2933 miraculi
534 2870 625 2933 deum
647 2869 733 2933 nasci
755 2869 867 2933 habere
889 2872 921 2933 et
941 2869 1125 2952 uirginalem
1140 2876 1271 2935 metram

154 2969 193 3048 ,in
205 2967 217 3057 Ι
231 2971 436 3036 ministerium
455 2971 553 3036 diuini
568 2971 654 3034 uerbi
670 2971 708 3034 ad
727 2971 961 3054 concipiendum
975 2971 1025 3034 uel
1039 2972 1271 3054 parturiendum
1295 2983 1333 3037 to

261 3095 329 3154 ter.
346 3095 406 3152 Act
420 3101 460 3160 17,
474 3099 514 3152 ll.
599 3096 862 3160 alcf.1com.1‚14.

203 3227 217 3281 1
243 3223 385 3293 sumus]
412 3224 506 3278 modus
536 3224 717 3278 coniunctiuus
748 3224 888 3278 desiderari
919 3225 1030 3290 uidetur,
1061 3226 1105 3280 sed
1136 3225 1168 3280 ct.
1194 3230 1269 3292 50,1

131 3323 136 3335 ’
163 3327 255 3381 acue
273 3311 381 3409 gibeti)
402 3305 519 3380 deletum
540 3328 581 3380 est
602 3309 621 3385 δ
641 3329 738 3395 puncto
760 3327 933 3394 superposite
954 3327 1091 3381 librarium
1111 3335 1272 3396 praepostere

163 3416 321 3500 bilicum
337 3428 496 3498 romptorum
511 3428 592 3483 tuisse
604 3430 696 3498 opinor
763 3431 780 3484 8
797 3428 873 3482 facile
890 3430 988 3498 cogites
1000 3430 1032 3483 de
1049 3440 1092 3490 Ατ
1106 3415 1269 3512 brs¹crpulr
1288 3434 1294 3448 '

163 3531 195 3585 14
212 3530 401 3614 infusores]
417 3530 470 3584 niu.
489 3547 568 3600 suom
583 3546 608 3599 o.
623 3533 691 3595 11,5
795 3533 828 3586 16
847 3514 1086 3612 ipsios'seosr,
1112 3533 1164 3587 litt.
1192 3541 1212 3592 a
1235 3530 1272 3600 (in

162 3634 234 3700 scs)
250 3633 379 3688 eminete
427 3615 531 3720 ιΝοῖ]Ι
545 3644 588 3691 ore
600 3642 846 3708 §cocornensis
864 3633 910 3686 lin.
924 3633 973 3687 ccl.
1025 3638 1056 3690 21
1078 3644 1271 3715 cesosque,

162 3785 285 3845 valtero
301 3786 358 3840 loco
375 3785 404 3840 in
430 3796 449 3844 o
477 3801 593 3847 cennens.
662 3788 696 3843 24
714 3744 862 3860 omrai?
918 3790 951 3843 25
980 3746 1272 3858 ur'oerrcate‘ti‘tme

160 3878 274 3966 mm,
296 3886 399 3942 litterae
422 3897 463 3948 ut
483 3887 559 3941 lineis
577 3887 677 3943 deletae
693 3891 769 3961 sunts
788 3887 925 3942 librarium
944 3900 1092 3952 meltum
1114 3892 1272 3960 scripturum

159 3987 238 4044 fuisse
254 3991 331 4058 putes
416 3991 450 4045 26
469 3972 700 4079 uenatior'tajb,
726 4001 769 4048 ΙΝ
789 4006 839 4044 res.
857 3990 915 4054 del,
933 3990 1023 4046 littera
1037 4005 1084 4080 ιΑΙ
1099 3995 1159 4048 ante
1176 3993 1271 4047 lineam

151 4084 313 4162 'euenor
328 4091 391 4159 <fuit
410 4092 430 4159 o
660 4088 663 4093 ’
1266 4103 1268 4106 ⁴
