2820 4688
526 681 908 797 rnrsordrlor
990 597 992 600 ’

188 987 191 990 -
307 923 438 1006 LIBER
461 922 520 1006 lid
545 923 648 1004 FI'DE
674 923 730 1005 ΕΤ
755 923 814 1005 lid
840 923 1123 1006 APOGRYPHIS.

14 1130 155 1264 myzl*
207 1235 361 1253 .......
377 1187 512 1262 damnet,
541 1184 686 1263 quoniam
715 1183 835 1246 nouitas
861 1183 977 1265 ingenii
998 1184 1202 1247 contentionis
1225 1187 1273 1248 est

164 1296 272 1369 mator,
295 1288 423 1352 eruditio
445 1285 581 1350 scandali
602 1288 717 1362 auctor,
739 1285 914 1348 schismatis
937 1285 1128 1366 alimentum,
1154 1286 1272 1349 heresis

163 1392 395 1469 nutrimentum,
425 1387 528 1451 delicti
555 1387 654 1450 forma
680 1388 808 1468 peccati.
846 1387 944 1452 Omne
971 1388 1053 1451 enim
1075 1388 1156 1470 quod
1178 1393 1232 1451 aut-
1254 1406 1297 1451 aa

163 1496 218 1559 deo
248 1497 301 1557 aut
330 1491 368 1555 ab
391 1490 535 1574 apostolis
557 1489 674 1580 dictum
696 1489 817 1552 uidetur
839 1495 893 1553 aut
918 1490 1036 1553 factum
1058 1490 1107 1553 uel
1130 1494 1164 1554 ut
1184 1489 1272 1554 tieret

163 1596 375 1679 adprobatum,
397 1595 454 1658 hoc
476 1597 523 1656 est
544 1594 581 1655 de
603 1608 662 1673 quo
685 1592 834 1656 scribtum
854 1596 915 1656 est:
939 1596 1072 1656 estest
1094 1610 1163 1656 non
1186 1611 1271 1667 non;

163 1699 243 1780 quod
272 1701 375 1760 autem
404 1714 440 1758 er
469 1712 547 1758 nouo
577 1695 708 1777 ingeniis
738 1699 770 1758 et
797 1695 960 1757 calumniis
989 1695 1169 1777 repperitur,
1198 1695 1272 1758 hinc

161 1798 373 1864 testimonium
395 1798 516 1860 diuinae
538 1797 661 1860 uirtutis
681 1797 851 1860 ostenditur
866 1796 1010 1859 dicentis:
1034 1796 1127 1877 qnod
1148 1815 1272 1879 super·

162 1901 324 1965 abundat
352 1918 392 1963 er
420 1899 513 1962 malo
543 1903 606 1962 est.
643 1899 809 1963 Uideamus
837 1916 918 1981 ergo,
948 1899 975 1962 si
1004 1898 1134 1980 apostoli
1155 1897 1308 1975 Christis

45 2045 47 2047 ·
161 2004 232 2068 Iesu
261 2002 402 2086 magistri
430 2007 552 2066 nostrae
580 2002 819 2066 conuersationis
841 2006 873 2065 et
901 2001 983 2065 uitae
1013 2005 1097 2066 extra
1121 2020 1270 2066 canonem

161 2105 205 2169 nil
226 2107 374 2190 legerunt.
394 2103 399 2183 1
418 2104 473 2170 Ait
494 2104 571 2168 Iuda
592 2105 747 2186 apostolus
769 2105 905 2167 clamans
921 2104 973 2167 ille
987 2105 1128 2186 didymus
1143 2105 1270 2185 domini,

159 2209 211 2272 ille
240 2208 292 2289 qui
321 2207 413 2271 deum
435 2205 592 2271 Christum
620 2209 691 2288 post
719 2205 870 2288 passionis
896 2207 1029 2289 insignia
1051 2224 1122 2269 cum
1143 2210 1270 2290 putatur

160 2313 327 2392 temptasse
355 2309 424 2391 plus
454 2309 591 2386 credidit,
620 2309 671 2371 ille
700 2309 752 2388 qui
782 2308 974 2371 uinculorum
1003 2326 1109 2390 pressa
1137 2310 1271 2391 uestigia

160 2416 191 2475 et
212 2413 334 2475 diuinae
355 2411 453 2475 crucis
474 2410 580 2473 laudes
603 2413 633 2473 et
654 2411 733 2473 uidit
755 2414 786 2473 et
814 2409 931 2492 tetigit:
961 2412 1197 2493 prophetauit
1227 2411 1269 2475 de
1282 2429 1306 2470 ra

159 2513 232 2593 his,
253 2514 370 2594 inquid,
393 2513 571 2595 septimus
594 2512 636 2576 ab
652 2512 766 2575 Adam
788 2512 883 2575 Ilnoc
905 2513 1030 2576 dicens
1059 2515 1150 2576 ‘ecce
1165 2515 1270 2577 uenit

159 2616 325 2680 dominus
348 2614 384 2678 in
407 2614 547 2678 sanctis
569 2613 719 2677 milibus
735 2615 856 2676 facere
871 2614 1049 2677 iudicium
1064 2619 1100 2678 et
1114 2633 1269 2698 arguere

159 2736 299 2781 omnem
325 2721 360 2780 et
388 2716 430 2780 de
453 2715 620 2780 omnibus
643 2716 743 2779 duris
776 2734 865 2796 quae
887 2717 1002 2779 locuti
1028 2720 1113 2780 sunt
1141 2722 1269 2781 contra

158 2839 238 2883 eum
263 2820 493 2901 peccatores?
530 2816 604 2896 Quis
626 2822 674 2881 est
701 2817 751 2881 hic
772 2818 856 2881 Enoc
885 2837 976 2899 quem
997 2819 1030 2882 in
1055 2819 1268 2883 testimonium

157 2922 305 3004 protetiae
333 2921 488 3003 apostolus
509 2920 601 2983 Iudas
631 2920 822 3002 adsumpsit?
858 2920 909 2983 An
938 2921 990 3001 qui
1019 2922 1203 3003 protelasset
1229 2924 1266 2985 de
1279 2941 1304 2980 10

259 3073 386 3128 illatth.
399 3077 423 3136 5,
435 3075 480 3134 37;
499 3071 531 3124 01.
551 3071 619 3124 inira
636 3071 793 3125 Priscilliani
812 3087 935 3125 canonem
953 3073 975 3125 I.
1049 3072 1175 3128 91101111,
1188 3078 1211 3136 5,
1225 3078 1265 3130 37.

159 3162 190 3215 15
208 3175 247 3227 ep.
259 3158 340 3211 Iudae
358 3159 451 3219 14,15.

258 3314 290 3367 19
299 3312 464 3380 Hieronym,
476 3309 968 3365 deoir.dl.e.d:1udastroterlaoobi
981 3311 1082 3379 [‘irater
1094 3311 1201 3366 domini'
1213 3313 1265 3383 legi
1277 3337 1279 3340 >

155 3397 183 3450 in
196 3396 309 3463 antiquis
321 3395 453 3449 codicibus
465 3396 650 3449 animaduertit
662 3397 804 3458 Uictorius;
816 3396 848 3449 ct.
861 3397 1042 3466 Heqatppcm
1058 3413 1097 3466 ap.
1111 3399 1264 3468 meliora,

155 3484 214 3536 tter.
233 3483 291 3536 cccl.
311 3483 367 3549 ΠΙ,
379 3485 413 3534 19
424 3488 449 3535 ct
458 3479 509 3549 20]
523 3523 528 3534 .
542 3524 547 3534 .
561 3523 567 3534 .
580 3482 612 3534 de
628 3481 695 3534 libro
713 3481 840 3534 Enoch..
856 3523 860 3533 .
874 3483 985 3535 assumit
1006 3483 1194 3554 testimonium,
1223 3485 1262 3538 Cf.

158 3568 272 3634 Tertull,
291 3567 322 3621 de
340 3568 412 3621 ecclia
428 3569 488 3634 ferra.
502 3568 525 3634 1,
539 3571 562 3620 3.

196 3708 283 3773 aliid
292 3717 506 3787 subscriptionem
514 3721 641 3773 tractatus
650 3720 686 3781 II,
698 3719 742 3772 urbi
753 3720 824 3773 deest
832 3701 896 3783 ἐὖ
908 3721 994 3790 agitur
1003 3737 1064 3775 uero
1072 3722 1165 3775 mutilo
1174 3727 1262 3776 nostro

154 3802 242 3856 libello
255 3803 286 3856 de
298 3803 451 3871 apocryphis
463 3805 546 3872 magis
564 3821 642 3872 quam
660 3805 691 3857 de
708 3805 768 3874 fido,
787 3806 847 3872 quia
863 3811 923 3859 ante
935 3806 979 3859 tol.
993 3809 1026 3861 56
1037 3807 1171 3875 complura
1181 3808 1261 3860 inter-
1307 3876 1310 3882 Ι

154 3905 274 3957 ciderunt
291 3904 353 3967 (uid.
372 3904 452 3972 praef.
471 3922 525 3974 cap.
543 3906 581 3974 Il)
676 3910 707 3961 17
725 3906 805 3968 uerba
825 3919 867 3965 1Ν
889 3917 1039 3967 ΞΑΝΕῙΙΞ
1051 3936 1095 3946 -
1108 3918 1260 3968 0111ΝΕ11)

1131 4048 1166 4057 -
1206 3999 1259 4069 bb.

39 4106 40 4110 ,
154 4055 247 4108 11111111
266 4057 293 4108 111
315 4058 431 4126 margine
453 4058 690 4127 inieri01·eposuit;
711 4060 739 4112 in
760 4063 832 4112 textu
850 4064 890 4113 est
909 4061 958 4113 1100
976 4061 1091 4129 signum:
1111 4051 1196 4120 δΝε·
1217 4074 1252 4125 et
