2820 4688
602 282 762 335 tractatus
780 280 831 343 111.
1229 266 1271 329 49

168 439 230 500 tura
257 436 302 500 rei
330 453 421 500 uerae
451 438 499 499 eet
529 439 561 500 et
589 435 748 518 designare
778 436 952 519 symbolum
981 445 1028 500 est
1057 437 1211 519 disputare
1232 437 1270 500 de
1300 485 1302 489 .

167 537 300 620 symbolo
330 538 423 603 malle
449 555 543 618 quam
565 537 701 612 eredere;
733 538 906 620 symbolum
927 556 1003 620 opus
1033 539 1149 603 domini
1170 542 1218 602 est
1239 539 1271 603 in
1401 549 1403 553 '

166 640 284 704 nomine
306 639 403 723 patris
425 642 457 703 et
478 638 523 702 flli
545 642 576 702 et
598 638 724 721 spiritus
746 640 855 718 sancti,
876 639 952 703 fides
975 641 1065 703 unius
1081 640 1139 719 dei,
1162 659 1197 703 er
1212 657 1271 720 quo
1293 662 1295 669 ·

165 741 302 807 Christus
324 741 399 805 dene
421 740 470 804 dei
492 739 573 804 lilius
596 741 731 804 sanator
753 744 845 804 natus
874 741 906 804 in
928 758 1018 804 earne
1040 759 1149 823 passus
1170 760 1271 805 resur·

144 845 236 908 erexit
263 847 389 928 propter
416 842 550 906 hominis
580 859 729 916 amorem3
759 842 811 923 qui
839 843 985 925 apostolis
1012 843 1075 907 suis
1098 842 1271 925 symbolum

163 946 295 1026 tradens,
325 945 406 1027 quod
435 944 495 1009 fnit
517 947 569 1009 eet
586 948 617 1009 et
639 944 777 1009 futurum
800 949 877 1023 euna
904 945 936 1008 in
964 963 996 1008 se
1018 949 1049 1008 et
1077 945 1110 1008 in
1132 944 1270 1027 symbolo
1292 1026 1295 1030 Δ

101 1110 104 1124 ,
163 1066 214 1112 suo
234 1045 244 1132 ss
265 1050 442 1112 monstrans
464 1063 577 1110 nomen
602 1046 699 1128 patris
728 1045 826 1110 tilium
847 1047 983 1127 itemque
1008 1046 1052 1110 fili
1080 1050 1210 1129 patrem,
1232 1053 1331 1117 neon

162 1149 385 1214 Binionitarurn
415 1165 497 1212 error
529 1147 655 1226 ualeret,
689 1147 823 1222 edocuitr
856 1166 929 1211 nam
961 1148 1014 1229 qui
1045 1147 1270 1229 requirentibus

163 1252 305 1334 apostolis
331 1237 496 1315 omne'id
524 1249 618 1331 quod
646 1249 904 1315 nominabatur
933 1268 966 1313 se
989 1268 1055 1313 esse
1077 1250 1270 1329 monstrauit,

134 1370 256 1417 nonnum
279 1371 313 1416 ee
333 1352 416 1417 credi
437 1351 537 1415 noluit
565 1369 626 1414 uon
648 1351 790 1430 diuisum,
818 1351 937 1415 dicente
966 1353 1097 1434 profeta:
1127 1353 1186 1416 hic
1216 1355 1270 1415 est

163 1455 246 1519 dene
280 1457 406 1519 noster
439 1471 505 1517 nec
533 1452 768 1535 reputabitur
797 1453 892 1516 alius
923 1453 1060 1534 absque
1081 1457 1175 1518 'eum
1209 1455 1270 1534 qui

163 1556 328 1621 ostendit
355 1556 453 1619 uiam
482 1554 701 1637 disciplinae
730 1558 766 1618 et
794 1555 895 1618 dedit
923 1573 1000 1618 eam
1022 1555 1130 1619 Iacob
1160 1573 1269 1638 puero

164 1676 222 1723 sno
251 1661 288 1722 et
309 1656 473 1723 Istrahel
495 1656 631 1720 dilecto
654 1674 734 1730 suo;
764 1657 941 1737 posthaec
968 1656 1006 1720 in
1035 1657 1146 1735 terris
1168 1658 1270 1721 uisus

165 1754 216 1824 eat
237 1763 275 1824 et
295 1777 376 1824 cum
397 1757 610 1823 hominibus
633 1761 874 1822 conuersatus
898 1761 966 1837 est,
990 1758 1157 1823 dominus
1181 1759 1269 1822 deus

138 1861 393 1926 unomen'eiue.
430 1858 490 1925 Sed
504 1879 542 1924 ne
558 1877 659 1924 amore
674 1859 746 1922 fidei
760 1859 844 1923 ducti
867 1860 905 1922 ad
927 1860 987 1922 alia
1009 1876 1064 1922 nos
1086 1877 1179 1940 quam
1200 1877 1270 1942 pro·

165 1980 359 2044 posueramus
389 1962 577 2026 conuertisse
605 1962 751 2041 dicamur,
784 1961 856 2026 lieet
889 1980 924 2023 er
957 1958 1133 2045 abunldanti
1164 1965 1274 2030 conara
1356 2011 1359 2016 .

166 2065 297 2130 diuersas
319 2064 443 2129 hereses
465 2064 608 2128 uincendi
629 2064 715 2127 locus
736 2067 850 2146 pateat,
881 2067 986 2128 tamen
1007 2064 1044 2126 de
1073 2065 1130 2127 hoc
1153 2064 1268 2146 specia-

166 2165 230 2231 liter
256 2170 436 2249 susceptum
457 2183 533 2249 opus
555 2166 707 2246 uolumus,
737 2171 773 2230 nt
800 2166 921 2229 infidele
942 2166 1136 2231 mendacium
1164 2166 1293 2229 testi-¹

167 2269 361 2334 munierum
390 2268 484 2333 nube
514 2269 683 2332 uincamus.
720 2268 810 2339 Nunc
838 2285 910 2331 uero
933 2268 971 2330 ad
999 2268 1053 2331 illa
1080 2268 1269 2331 redeundum
1354 2253 1357 2260 '

140 2373 218 2450 nest,
240 2374 286 2450 ut,
310 2371 340 2434 si‘
357 2370 532 2455 probabiles
546 2371 579 2434 in
601 2388 636 2435 eo
658 2371 691 2434 in
713 2388 772 2452 quo
793 2370 1063 2452 repraehendimur
1084 2370 1268 2448 inuenimur,

163 2466 242 2538 'renue
263 2472 357 2538 etiam
378 2473 417 2536 de
441 2472 567 2554 reliquis
597 2472 769 2554 disputasse
797 2472 965 2535 uideamur.
1003 2470 1052 2536 Sio
1080 2489 1212 2552 namque
1238 2475 1270 2544 et

166 2572 275 2639 Paulus
303 2571 416 2639 dixisse
445 2575 537 2638 deum
560 2574 616 2638 ait:
646 2573 791 2637 beatius
820 2576 877 2637 est
905 2575 989 2637 dare
1018 2575 1133 2656 magis
1162 2591 1269 2654 quam

168 2677 340 2760 accipere,
370 2679 402 2740 et
422 2676 481 2748 boc
502 2676 641 2740 locutum
660 2675 752 2740 deum
773 2676 806 2739 in
828 2693 943 2739 canone
965 2692 1026 2738 non
1051 2675 1192 2758 legimus.
1228 2675 1269 2738 llt

167 2775 271 2844 Daniel
299 2779 391 2842 deum
412 2778 550 2843 locutum
570 2778 667 2842 fnisse
688 2781 820 2843 testatur
842 2778 959 2841 dicens:
982 2778 1151 2858 quoniam
1173 2777 1269 2840 exiet

108 2873 109 2877 ’
140 2878 338 2962 ainiqnitas
361 2869 601 2962 deBabylone
624 2879 910 2962 expresbyteris
933 2879 994 2960 qui
1018 2878 1239 2942 uidebantur
1259 2875 1269 2964 1}

167 2999 285 3067 regere
305 2981 457 3065 plebem.
501 2982 541 3045 llt
567 2999 638 3045 eum
666 2982 726 3046 ista
747 2982 827 3045 lacta
855 2973 941 3045 dicta
963 2981 1014 3044 uel
1043 2981 1160 3045 scribta.
1177 2983 1207 3044 et
1234 2981 1265 3044 in
1290 2988 1329 3044 64

166 3084 365 3169 euangelistae
393 3083 494 3148 uerbis
524 3088 555 3147 et
583 3085 711 3166 apostoli
733 3084 850 3165 eloquio
879 3086 909 3146 et
938 3083 1047 3146 diuinis
1077 3082 1267 3146 sermonibus

111 3236 113 3242 .
147 3226 149 3230 ι
167 3186 361 3270 crederemus,
381 3203 449 3249 ecoe
463 3204 545 3249 nunc
560 3188 680 3267 tempus
696 3186 832 3249 adlatum
848 3189 903 3264 est,
926 3185 988 3264 ubi,
1004 3185 1081 3247 dum
1092 3185 1267 3265 disceptatio

167 3286 383 3376 superfluarum
404 3305 508 3351 rerum
529 3289 691 3368 quaeritur,
714 3291 818 3369 stupor
839 3286 978 3350 fidelibus
1000 3287 1159 3349 inseratur.
1198 3285 1267 3350 Nou
1328 3325 1332 3342 ·.

137 3391 245 3454 neuim
271 3407 436 3472 possumus
465 3389 562 3453 dicere
595 3388 686 3452 deum
705 3379 776 3454 'nou
806 3389 915 3452 dixisse
944 3389 1024 3469 quod
1056 3407 1126 3451 eum
1159 3389 1268 3451 dixisse

167 3491 316 3574 apostolus
338 3491 412 3554 dirit
427 3494 480 3554 aut
502 3509 562 3555 non
584 3492 799 3574 prophetatum
819 3491 914 3554 fuisso
929 3490 1008 3570 quod
1030 3490 1178 3554 scribtura
1199 3509 1268 3572 pro-

136 3700 139 3705 >
262 3661 278 3715 9
296 3657 407 3726 01.pr
421 3660 444 3722 1,
455 3660 504 3712 ar..
578 3659 609 3713 10
621 3657 681 3710 Bar.
694 3661 717 3721 3,
731 3660 838 3713 36-38.
917 3661 949 3713 14
967 3657 1098 3725 domiuus]
1116 3658 1195 3710 Annos
1208 3661 1231 3719 5,
1244 3661 1268 3712 8.

167 3747 197 3803 18
212 3742 292 3797 Hebr.
307 3744 346 3805 12,
364 3745 386 3797 l.
472 3744 505 3798 22
523 3742 581 3797 Act.
597 3744 638 3805 20,
651 3745 691 3798 35.
777 3742 1039 3810 aloan.13,5(=
1059 3741 1268 3806 Susnuuaebist.

165 3829 334 3898 opomypbo).

205 4001 336 4062 lucere
426 4000 443 4052 3
471 3986 552 4078 pubes
638 4000 654 4052 6
681 3998 773 4065 enan]
794 3997 831 4050 im
853 3996 916 4058 nod,
941 4013 993 4050 non
1015 4007 1087 4057 eust
1171 3999 1186 4050 7
1215 4008 1268 4063 ree

122 4164 124 4168 μ
165 4098 453 4168 benebentanum]
474 4098 507 4152 cf.
526 4115 604 4168 supra
620 4115 645 4168 p.
658 4103 682 4163 5,
696 4102 728 4154 10
797 4102 830 4154 24
848 4099 949 4168 εχιεῑ]
966 4098 1037 4152 uolui
1055 4102 1119 4152 mut.
1138 4099 1165 4150 in
1185 4107 1269 4158 εχιιῑ

213 4218 286 4261 xvru.
301 4218 391 4260 enain.
1103 4206 1119 4252 4
