2820 4688
554 224 718 277 tractatus
732 220 757 277 ¹L
1165 205 1207 270 23

99 381 297 462 putauerunt,
326 396 398 443 oum
425 376 574 442 scribtum
600 377 642 441 sit
672 378 758 459 quid
784 377 948 443 lucidius
974 377 1051 442 sole
1082 379 1118 440 et
1146 375 1207 441 bic

100 479 265 545 deficiet:
288 480 333 545 ita
350 479 519 545 infelicium
534 479 762 563 sacrilegiorum
784 479 931 544 stultitias
954 479 1149 560 ampliarunt,
1171 480 1206 542 ut

98 580 258 665 obpressus
280 582 427 647 caecitate
448 585 577 662 mentes,
599 598 660 663 quo
679 581 813 646 nefarius
834 580 1014 664 obligarent,
1034 578 1205 662 religiosius

98 700 274 748 consecrare
296 702 330 747 se
355 684 499 749 dicerent.
528 683 705 748 Anathema
730 684 773 748 sit
797 683 851 765 qui
870 682 1090 748 Nicolaitarum
1112 681 1205 746 forni-

73 784 232 850 ooatioues
258 789 290 850 et
318 784 500 850 multimoda
523 782 533 870 i
558 789 681 850 ostensa
708 786 741 849 in
767 784 925 849 scribturis
951 801 1023 848 cum
1048 782 1204 865 discipulis
1227 795 1264 850 27

97 890 129 950 et
149 885 325 952 doctoribus
347 888 411 952 suls
432 887 593 952 daemonia
613 906 674 951 nou
696 886 823 951 damnat
845 887 894 950 uel
915 886 967 968 qui
988 902 1093 950 eorum
1114 901 1206 966 opera

97 992 262 1054 sociantur.
292 989 425 1054 Pereunt
445 989 499 1071 qui
520 988 670 1054 Ofitarum
691 988 723 1053 in
745 1007 779 1052 se
800 987 959 1072 perfidiam
980 988 1160 1069 receperunt
1174 988 1205 1050 et

97 1089 141 1154 fili
154 1090 329 1174 uiperarum
350 1090 424 1156 facti
446 1090 580 1156 similem
602 1089 661 1156 sibi
683 1091 775 1154 deum
797 1108 887 1154 suum
909 1092 940 1153 et
955 1089 1111 1153 domiuum
1132 1105 1204 1153 con·

96 1187 231 1257 fitentur.
260 1191 301 1257 m
325 1193 398 1275 quia
418 1194 545 1276 longum
567 1197 615 1257 est
639 1192 683 1255 ire
705 1211 760 1274 per
782 1192 917 1275 singula,
943 1208 1050 1255 omnes
1070 1189 1203 1269 hereses,

22 1360 24 1366 ,
50 1309 87 1349 1⁰
98 1311 174 1375 quas
189 1293 248 1360 subi
261 1295 401 1360 homiues
424 1299 546 1359 mente
561 1295 724 1377 corrupti
739 1298 774 1358 et
789 1293 958 1377 naufragi
977 1310 995 1357 a
1015 1293 1090 1357 fide
1104 1292 1155 1357 uel
1169 1310 1204 1354 er

97 1395 251 1461 canonicis
273 1397 433 1479 seripturis
455 1397 505 1460 uel
527 1415 563 1460 ex
585 1396 724 1479 apocrifis
747 1394 935 1460 fabricarunt
956 1412 1049 1477 supra
1069 1412 1106 1458 ea
1126 1410 1203 1475 quae

98 1497 213 1579 scripta
232 1503 315 1579 sunt,
337 1516 417 1563 unus
437 1499 585 1562 aduersus
608 1498 739 1562 alterum
761 1496 884 1561 inflatus
906 1497 1049 1579 proelio,
1072 1498 1102 1558 et
1117 1494 1205 1577 quid·

98 1599 170 1682 quid
191 1603 245 1664 aut
265 1599 430 1666 Saturnine
452 1600 569 1664 heresis
591 1599 710 1664 induxit
735 1603 789 1664 aut
809 1597 983 1662 Nouatiaua
1003 1596 1129 1679 protulit
1151 1601 1204 1660 aut

97 1700 231 1765 Basilide
256 1702 383 1766 docente
406 1699 411 1786 Ι
434 1701 619 1766 monstrauit
643 1703 697 1765 aut
717 1699 848 1764 Arsiana
873 1699 997 1782 collegit
1022 1701 1074 1762 aut
1099 1698 1205 1763 Patre·

50 1817 87 1858 ιε
97 1803 241 1883 passiana
255 1803 365 1868 emdiit
379 1807 433 1867 aut
442 1802 682 1867 Homuneionita
695 1802 826 1867 mentita
840 1805 888 1865 est
902 1805 956 1865 aut
967 1799 1122 1883 Oatafriga
1136 1819 1204 1882 per-

98 1904 196 1969 suasit
216 1907 271 1969 aut
291 1904 419 1987 arripuit
441 1904 617 1968 Borborita:
645 1903 774 1968 catolico
794 1907 826 1967 et
847 1903 903 1968 deo
926 1902 1047 1967 Christo
1068 1901 1204 1966 credenti

98 2023 148 2069 ore
166 1996 239 2070 dum
257 2005 410 2085 omnibus,
432 2007 484 2087 qui
498 2006 575 2070 lracc
594 2010 764 2088 sequuntur
785 2008 839 2069 eut
853 2005 962 2069 docent
983 2005 1037 2066 aut
1051 2003 1204 2067 noluerint

98 2107 246 2188 adserere,
268 2108 465 2182 damnamus;
487 2126 617 2190 quorum
632 2108 777 2191 dogmata
797 2106 902 2170 omnia
922 2104 1095 2169 diuinorum
1116 2104 1204 2168 testi·

98 2209 269 2274 moniorum
284 2210 367 2292 apud
379 2226 434 2275 nos
448 2210 516 2273 luce
530 2209 736 2288 dissoluimus‚
760 2227 829 2273 non
850 2208 943 2289 quod
965 2205 1203 2271 sufficientes

58 2305 212 2374 sosimus
233 2311 397 2394 cogitare
419 2310 560 2393 aliquid
581 2310 687 2375 nobis
709 2315 894 2392 tamquam
915 2327 955 2372 er
974 2307 1079 2372 uobis
1100 2307 1203 2389 ipsis,

99 2412 159 2477 sed
181 2412 414 2477 sufficientia
435 2417 561 2477 nostra
581 2431 621 2476 er
642 2413 707 2477 deo
729 2416 793 2476 est.

138 2513 224 2578 Inter
237 2532 315 2596 quae
330 2521 435 2579 tamen
456 2533 571 2579 nouum
593 2514 708 2579 dictum
729 2517 761 2578 et
782 2532 844 2578 non
865 2515 964 2578 dicem
987 2514 1078 2592 laeto,
1101 2513 1155 2578 sed
1173 2514 1205 2577 el

97 2616 243 2680 relatione
264 2614 438 2681 damnabile
460 2635 516 2680 nee
542 2617 605 2680 ullo
626 2613 635 2701 ll
656 2620 727 2680 ante
751 2615 810 2679 hoc
832 2615 966 2679 heretico
991 2619 1114 2678 auctore
1134 2631 1204 2696 pro·
1225 2622 1264 2678 28

98 2717 195 2781 latum
221 2716 373 2802 sacrilegii
393 2719 479 2781 nefas
506 2717 539 2782 in
560 2735 649 2781 aures
675 2721 795 2781 nostras
816 2717 922 2800 legens
948 2715 1063 2779 Itecius
1084 2713 1205 2779 induxit

199 2922 213 2975 1
232 2909 311 2976 sirac.
324 2921 364 2982 11,
376 2923 417 2975 so.
471 2923 503 2976 ro
519 2920 555 2973 11.
567 2919 634 2973 mm.
647 2921 672 2983 s,
684 2922 713 2982 s;
730 2919 752 2973 1.
764 2918 831 2973 mm.
844 2922 867 2982 1,
880 2921 921 2974 re.
975 2920 1007 2974 ro
1023 2917 1059 2971 11.
1072 2916 1128 2972 scr.
1142 2919 1202 2981 ss.

196 3088 231 3146 al
242 3088 282 3143 Ile
293 3088 374 3143 Itaeio
382 3088 411 3142 cf
426 3103 491 3156 quae
502 3088 677 3156 congessimus
685 3087 713 3142 in
721 3087 821 3143 libello:
831 3086 996 3150 ‘Priscillisu
1004 3085 1047 3139 eiu
1055 3064 1206 3152 ueuauigef.¹

99 3172 301 3237 deludamini,
314 3189 339 3242 p.
349 3177 373 3228 6.
384 3176 416 3230 15
427 3173 483 3242 (ubi
497 3173 616 3243 inprimis
627 3173 693 3226 ratio
704 3173 816 3227 habetur
825 3173 942 3242 Sulpicii
951 3171 1050 3240 Seueri,
1062 3171 1151 3226 cbross.
1160 3171 1202 3238 Il,
1230 3195 1233 3201 ·

100 3262 132 3314 ⁴⁷
141 3262 217 3330 ο111).
1216 3263 1217 3266 ’

138 3464 157 3529 a
181 3469 348 3523 casertan
465 3472 619 3540 menoses,
648 3475 659 3524 1
686 3478 716 3540 er
743 3474 750 3521 s
777 3461 922 3555 cumcun
939 3460 980 3512 est
1099 3439 1204 3540 neers·

100 3615 191 3684 111131,
206 3614 239 3669 er.
263 3615 370 3684 urago,
391 3615 453 3669 unt.
471 3615 568 3684 synax
589 3614 614 3670 o.
631 3614 676 3669 uo.
694 3613 851 3684 spr..1‚ss
960 3613 991 3668 17
1009 3569 1201 3692 sequimur

99 3777 293 3861 idedeina,
312 3784 509 3851 exudnsu)
528 3794 535 3841 ι
555 3799 619 3838 eom.
698 3786 732 3840 22
784 3784 870 3848 ‘laub
889 3783 990 3849 ΝοΝ)
1010 3784 1066 3835 erat
1085 3722 1202 3858 segis

98 3927 154 3996 οἰδ
171 3935 217 3990 lin.
230 3936 280 3991 del.
337 3945 433 4016 facto
447 3952 477 3990 er
492 3944 592 4017 μεῐϋ
608 3949 676 3990 *cmm
744 3938 778 3992 23
796 3893 1021 4010 δᾸωΝΑὓΙΙὲ,
1036 3936 1201 4002 elilim

98 4035 253 4092 duabusliu.
266 4037 316 4091 dcl.
328 4041 355 4091 et
376 4047 384 4095 1
403 4043 528 4106 superser.
605 4019 792 4113 illidius,
813 4048 821 4095 1
839 4036 868 4091 in
886 4045 905 4096 t
921 4035 1053 4104 inscripsit
1070 4034 1165 4089 munl
