2820 4688
226 226 266 290 12
678 233 887 294 Priscilliaui

225 397 417 463 intellectum
440 396 555 480 aperire
575 395 742 459 dictorum:
766 395 862 476 quid,
885 394 1001 476 inquid,
1025 395 1143 458 adbuc
1165 408 1228 478 ego
1250 395 1352 459 iudi-¹

225 516 294 580 cor,
317 499 472 578 domine,
489 498 571 561 dum
586 497 766 578 corripior
782 500 818 561 ct
834 515 974 580 arguor,
991 499 1053 560 aut
1068 496 1170 578 quod,
1186 497 1340 575 domine,

227 600 316 665 dabo
344 617 563 684 responsum
592 599 638 662 ad
666 599 757 661 talia
787 598 915 676 uerba,
950 616 1029 661 cum
1058 599 1126 661 sim
1155 594 1272 662 nihil?
1302 599 1342 662 nt

226 706 299 767 tuno
326 702 468 766 dominus
494 701 588 765 etiam
618 699 706 763 nobis
736 703 807 781 post
835 700 946 763 futuris
974 700 1012 763 ad
1041 696 1281 782 intellegendum
1309 719 1341 764 se

226 821 301 887 opus
327 803 414 867 uerbi
440 801 578 866 tribuens
607 800 788 883 parabulam
814 802 888 864 dicti
916 820 971 883 per
998 820 1030 869 se
1050 799 1055 883 Ι
1075 802 1223 865 sermonis
1251 817 1387 884 expos

227 906 421 969 suitdicens:
452 904 541 982 noli,
565 902 681 983 inquid,
704 902 915 967 abalienare
937 903 1113 966 iudicium
1136 921 1254 967 meum
1275 922 1342 968 neo

227 1007 399 1071 aestimes
426 1024 480 1069 me
503 1005 612 1069 aliter
638 996 849 1070 decreuisse
871 1004 943 1067 nisi
969 1008 1009 1068 ut
1030 1007 1069 1068 tu
1091 1005 1210 1073 minus
1234 1023 1341 1088 appa-

225 1126 305 1172 reas
328 1108 506 1180 iniustum
536 1106 597 1168 sed
620 1104 767 1187 suscipe
789 1105 1027 1169 altitudinem
1050 1109 1086 1169 ct
1107 1107 1283 1170 uirtutem
1305 1113 1341 1172 et

226 1209 435 1274 claritatem
460 1212 495 1271 et
516 1208 689 1271 honorem
711 1207 874 1280 induere3
901 1207 1068 1288 relinque
1091 1208 1241 1290 angelos
1263 1209 1339 1273 irae

227 1315 263 1375 et
290 1328 431 1376 omnem
467 1310 502 1374 in
536 1312 571 1372 te
604 1309 824 1373 iniuriosum
854 1313 889 1373 ct
923 1310 1118 1392 superbum
1152 1311 1375 1393 extinguas

227 1414 412 1495 disrumpe
438 1430 457 1476 a
483 1416 517 1475 te
546 1411 667 1493 inpios
698 1414 734 1474 et
760 1410 942 1478 absconde
971 1412 1007 1475 in
1034 1416 1132 1476 terra
1161 1416 1196 1475 et
1221 1413 1338 1477 facies

227 1532 347 1579 eorum
375 1513 577 1599 ignominia
602 1513 716 1596 reple,
746 1516 787 1576 ut
812 1513 888 1578 sint
913 1514 992 1577 sine
1017 1514 1166 1594 honore,
1193 1517 1228 1578 et
1253 1518 1340 1580 tuno

227 1614 469 1681 confiteberis
492 1614 664 1696 quoniam
686 1617 816 1696 potens
843 1617 900 1678 est
925 1615 1075 1680 dextera
1096 1634 1175 1679 msa
1196 1618 1339 1681 saluere

227 1722 270 1783 te.
297 1717 418 1781 Etiam
437 1733 556 1780 coram
579 1716 711 1780 tolera
732 1717 829 1780 sicut
851 1716 915 1780 bos
933 1716 1059 1780 factus·
1077 1718 1223 1781 faenum
1242 1736 1339 1783 man·

227 1820 344 1898 ducat,
368 1819 472 1882 cuius
495 1817 676 1882 tortitudo
699 1817 736 1882 in
757 1817 893 1881 lumbis
916 1818 993 1882 cius
1013 1822 1049 1881 et
1068 1820 1188 1883 uirtus
1210 1821 1247 1883 in
1266 1837 1375 1884 um-rs

167 1932 204 1986 13
227 1920 339 1986 bilico
369 1920 513 1984 uentris
543 1922 578 1982 et
606 1908 721 1983 cauda
752 1923 875 1983 erecta
905 1919 1001 1983 sicut
1030 1920 1240 2004 cyparissus
1270 1919 1279 2007 ll
1305 1927 1340 1986 et

227 2023 332 2087 nerui
351 2022 512 2091 contorti
535 2021 631 2086 sicut
650 2022 756 2096 ¹funes
776 2024 812 2085 et
832 2022 952 2085 latera
971 2023 1049 2086 eius
1068 2027 1192 2105 petrae
1212 2041 1338 2088 aereae

227 2128 262 2188 et
284 2126 389 2207 spina
411 2123 513 2187 illius
537 2123 633 2188 sicut
653 2123 774 2206 paries
796 2123 948 2203 ferreus,
968 2128 1003 2187 et
1024 2125 1090 2189 hoo
1113 2130 1169 2190 cst
1190 2126 1337 2190 initium

226 2227 362 2290 lactum
379 2224 521 2308 angelis
537 2225 580 2288 ad
593 2224 831 2289 inludendum
842 2225 1004 2307 plasmae
1016 2244 1123 2290 meae.
1140 2227 1288 2306 Quaedam
1301 2247 1339 2301 en

227 2329 330 2393 omnia
351 2330 562 2391 scrutantes
585 2327 804 2408 scripturas,
826 2326 997 2391 beatissimi
1020 2329 1200 2408 sacerdotes
1223 2314 1394 2393 scimusso'

227 2430 299 2512 quia
323 2433 472 2513 propter
498 2414 562 2492 nos
589 2428 728 2510 scripta
754 2432 853 2508 suut,
875 2432 924 2508 ut,
939 2431 1000 2510 ¹qud
1022 2430 1189 2494 bestiarum
1212 2435 1337 2495 naturas

227 2532 323 2596 dictas
340 2531 372 2596 in
386 2530 540 2615 parabolis
556 2529 717 2612 intellegit,
732 2529 896 2612 repudians
907 2549 985 2612 quae
1000 2536 1073 2595 suut
1088 2533 1202 2596 saeculi
1217 2550 1337 2596 morum

226 2633 258 2701 iu
284 2652 318 2697 se
346 2633 424 2696 uitia
452 2632 591 2714 castiget,
621 2631 701 2695 sicut
730 2631 878 2697 scribtum
908 2635 1012 2697 estin
1039 2635 1228 2717 apocalypsi:
1256 2653 1337 2698 ecoe

227 2750 355 2816 aquae,
377 2750 466 2815 quas
488 2732 620 2796 uidisti
641 2732 704 2797 ubi
726 2733 829 2798 sedet
851 2735 1037 2814 meretrix,
1060 2737 1186 2818 populi
1208 2739 1243 2799 st
1264 2740 1338 2800 tur-

328 2958 341 3010 1
363 2952 418 3008 Iob.
436 2956 478 3016 39,
496 2954 536 3009 34.
606 2955 622 3008 6
643 2952 698 3007 Iob.
716 2956 757 3016 40,
775 2956 799 3009 3.
818 2956 901 3011 5-14
924 2953 968 3021 (cf.
992 2955 1133 3023 Speculum
1154 2955 1223 3022 qnod
1246 2955 1338 3010 dicnnut

225 3041 372 3110 depactissi
388 3054 413 3106 p.
431 3040 481 3093 487
499 3037 539 3091 ed.
553 3037 702 3105 Weihrich).
792 3041 825 3094 20
843 3038 875 3091 ci.
894 3038 931 3091 Io.
950 3042 974 3101 5,
993 3041 1033 3093 39.
1128 3041 1157 3093 21
1178 3039 1199 3092 Ι.
1218 3039 1335 3095 Corinth.

225 3127 249 3187 9,
269 3127 312 3187 10;
329 3124 404 3177 nom.
419 3126 443 3183 4,
456 3124 497 3177 24,
510 3124 554 3180 aaz
572 3122 605 3176 cf.
619 3124 752 3192 Hilarius,
765 3125 797 3178 dc
808 3125 869 3177 iria.
880 3125 917 3190 X,
926 3129 960 3177 41
977 3124 1040 3191 (uon
1052 3129 1162 3192 possunt
1179 3139 1231 3177 uon
1249 3127 1337 3178 omnia

225 3211 330 3278 propter
348 3223 395 3261 uos
413 3211 487 3275 gesta
503 3223 558 3261 esse
575 3207 710 3276 intellegi).
782 3211 816 3263 23
833 3207 912 3277 Apoc.
932 3211 971 3272 17,
992 3212 1031 3264 15.

266 3398 283 3452 5
302 3403 504 3455 SeRmONeS
573 3386 588 3448 7
612 3401 816 3482 ῐυιωΙΝυᾸΞ,
836 3402 946 3453 mituli
976 3394 1070 3450 litteris
1088 3395 1176 3464 paullo
1193 3398 1337 3453 minoribns

224 3530 293 3571 rnau.
312 3513 326 3568 Ι
343 3514 372 3568 iu
390 3530 480 3567 marono
496 3515 595 3584 posuit:
613 3529 678 3581 quoae
696 3511 750 3564 sint
766 3527 846 3575 erasa,
864 3528 916 3566 non
934 3513 1016 3580 liquet
1086 3517 1118 3570 10
1140 3524 1337 3602 ειΧΙῐΙΝςυε

226 3670 255 3722 ll
276 3625 473 3746 btssltumpe,
492 3667 563 3734 prior
582 3677 602 3724 n
620 3665 710 3718 littera
727 3663 827 3717 dnabus
845 3663 919 3718 lincis
937 3664 1050 3720 obducta
1158 3671 1189 3722 14
1219 3669 1339 3737 ettam]

224 3780 805 3852 romeeooeserit.eso‚s‹÷pa1ag.ioco
900 3784 1033 3864 facitis]
1061 3777 1116 3840 dd!
1141 3787 1219 3840 Arch.
1246 3788 1265 3841 i.
1291 3789 1336 3843 lat.

224 3938 356 4005 rexnogr.
375 3937 424 4000 ΙΙΙ,
443 3940 494 3993 315
564 3941 595 3991 15
623 3892 919 3995 lomerffi'rirubus
1038 3940 1069 3992 1o
1102 3939 1337 4024 qrpnnrssds

226 4059 257 4109 m
274 4049 416 4134 plasme
485 4058 519 4110 aa
535 4045 736 4134 praescotia,
761 4065 780 4114 o
804 4071 833 4107 ex
857 4065 878 4113 υ
902 4071 968 4108 corr.
