2820 4688
449 301 454 313 ,
569 248 727 301 tractatus
744 246 766 300 1.
1201 229 1222 293 9

109 402 145 462 et
165 399 275 480 pedes
302 398 379 463 eins
405 399 500 463 siout
524 400 600 464 ursi
626 404 724 465 etos
751 401 827 464 eius
855 402 949 465 siout
978 418 1015 464 os
1041 403 1158 466 leonis
1188 406 1223 466 et

75 499 78 502 ’
109 500 209 564 dedit
230 501 262 565 ei
284 501 389 565 draeo
411 501 532 566 sedem
554 520 654 566 suem
677 506 713 566 et
735 504 910 567 uirtutem
933 522 1042 567 suam.
1087 503 1171 569 Siout
1192 507 1224 569 et

108 602 220 666 Daniel
241 602 278 665 do
296 602 355 666 hoo
367 602 433 684 ipso
452 603 507 667 uit:
530 604 698 668 uidebem
720 621 801 669 ecoe
822 608 993 686 quattuor
1014 606 1118 670 uenti
1139 607 1223 669 mit·

109 704 236 769 iebant
256 705 293 769 in
313 721 410 768 mare
432 723 600 789 magnum
626 710 661 770 et
686 710 856 787 quattuor
880 707 1021 772 bestiae
1048 708 1223 772 aseende-

37 859 40 862 ,
79 806 197 870 abant
225 806 267 870 de
295 807 387 871 mori
414 807 664 891 magnitudine
693 797 910 872 alterutrum
941 827 976 872 se
1007 810 1223 873 excedentes

108 912 144 972 et
164 908 281 990 prima
302 912 380 972 erat
399 911 439 972 nt
463 910 521 973 lea
542 912 578 973 et
597 910 730 990 pinuae
752 911 828 973 eius
850 913 889 973 ut
915 911 1056 991 aquilae
1083 914 1118 975 et
1145 929 1224 975 sur·

107 1010 203 1073 rexit
223 1026 243 1073 a
263 1012 362 1091 terra
384 1014 419 1074 et
440 1028 549 1098 supra
569 1010 727 1075 hominis
748 1011 857 1094 pedes
885 1012 990 1076 stetit
1015 1016 1050 1076 et
1075 1029 1135 1076 eor
1160 1012 1224 1076 ho·

105 1111 217 1176 'minis
238 1111 362 1186 datum
384 1115 438 1176 est
459 1113 505 1192 oi,
533 1116 568 1176 et
590 1130 671 1177 eooe
693 1113 765 1177 elie
789 1113 909 1177 bestia
931 1114 1064 1178 similis
1084 1131 1168 1179 urso
1190 1118 1225 1178 et

107 1230 179 1277 una
197 1211 202 1298 Ι
220 1216 324 1295 parte
346 1215 452 1278 stetit
473 1217 509 1278 et
529 1214 600 1278 tria
619 1215 739 1279 latero
760 1215 874 1278 inore
895 1215 970 1278 eius
993 1220 1029 1279 ot
1050 1217 1086 1279 in
1108 1216 1224 1280 medio

66 1334 94 1374 10
109 1316 372 1380 dentium·eins
394 1319 430 1380 et
451 1316 587 1380 dietum
613 1320 670 1380 est
695 1316 727 1380 ei
747 1308 869 1400 ‘surgo
892 1320 927 1380 et
948 1303 1125 1381 manduce
1147 1335 1225 1381 oer-

109 1435 172 1480 nes
199 1410 421 1496 multorum’,
448 1421 485 1481 et
510 1434 592 1481 eooe
619 1418 691 1481 alie
715 1418 836 1482 bestia
861 1421 900 1481 ut
924 1419 1058 1500 pardus
1085 1422 1119 1482 et
1146 1420 1229 1483 elee·

109 1519 141 1582 oi
164 1522 335 1600 quattuor
355 1520 523 1583 uolucres
546 1523 581 1583 et
605 1523 777 1601 quattuor
798 1520 918 1601 eapite
942 1520 1083 1584 bestiae
1105 1524 1140 1584 et
1161 1537 1225 1602 po·

109 1624 226 1684 testas
250 1621 334 1684 data
358 1625 414 1685 ost
439 1622 484 1701 ei,
511 1624 547 1685 ot
568 1639 649 1692 eoos
672 1620 790 1685 bestie
819 1624 947 1703 quarta
974 1622 1164 1687 horribilis
1191 1626 1226 1686 et

108 1721 341 1787 admirabilis
363 1727 398 1787 et
418 1723 526 1798 fortis
547 1723 781 1805 uehementer
808 1727 844 1787 ot
865 1724 991 1787 dentes
1013 1724 1090 1788 eius
1111 1724 1224 1791 ferrei

67 1842 94 1888 u
109 1829 145 1889 et
165 1842 306 1908 ungues
328 1825 435 1891 aerei.
480 1823 563 1904 Quae
586 1825 688 1889 omnia
708 1826 807 1907 posite
827 1826 860 1889 in
881 1825 1049 1888 uisionibus
1072 1826 1134 1889 suis
1155 1843 1225 1907 pro·

108 1926 190 1991 fetae
211 1927 273 2010 legi
294 1926 333 1990 ab
355 1925 497 1991 omnibus
515 1928 679 1990 noluemut
697 1930 728 1991 et
746 1927 900 1991 intellecto
918 1927 1008 1991 uitari
1026 1930 1056 1991 et
1073 1927 1150 2006 ideo,
1174 1927 1223 2008 qui

109 2029 169 2092 ista
194 2031 413 2111 eognosoentos
438 2024 510 2110 quid
539 2031 621 2092 esset
649 2029 730 2110 quod
757 2030 895 2112 legerent
924 2046 985 2092 non
1012 2029 1224 2092 intellexerunt

109 2134 206 2211 reete,
228 2148 279 2194 oor
305 2147 411 2194 eorum
438 2130 543 2195 datum
570 2133 617 2195 est
641 2131 759 2195 bestiae
779 2127 789 2216 tt
810 2134 841 2194 et
866 2149 972 2194 earnes
999 2129 1224 2193 deuorabuutur
1247 2139 1265 2190 9

109 2248 233 2306 eorum;
254 2235 481 2296 euanuerunt
507 2232 601 2297 enim
626 2233 663 2295 in
688 2233 973 2316 cogitationibus
1000 2232 1075 2295 suis
1101 2234 1137 2295 et
1162 2231 1224 2294 ob-

65 2331 296 2399 sosour'atnm
318 2338 374 2398 est
392 2335 571 2416 insipiens
597 2351 657 2398 eor
683 2351 804 2399 eorum
830 2338 866 2398 et
891 2335 1053 2398 dieentes
1080 2353 1117 2398 se
1144 2351 1223 2397 esse

110 2426 296 2518 sapientes
318 2437 425 2510 stulti
441 2436 531 2500 faoti
545 2440 631 2500 sunt
648 2440 683 2500 et
701 2437 976 2500 inmutauerunt
994 2437 1149 2518 gloriam
1169 2436 1225 2498 in-

109 2536 363 2627 oorruptibilis
391 2538 448 2603 dei
471 2538 512 2602 in
539 2539 817 2602 similitudinem
845 2538 1016 2620 imaginis
1046 2538 1225 2620 oorrupti-

108 2624 198 2703 bilis
219 2638 377 2704 hominis
398 2644 434 2704 et
458 2641 646 2704 uoluerum
669 2644 703 2703 et
728 2639 990 2721 quadripedum
1017 2643 1052 2703 et
1078 2657 1225 2721 serpen-

108 2740 204 2805 tium
229 2743 265 2804 et
288 2741 563 2825 eonfigurantes
593 2760 630 2805 se
658 2741 841 2823 prioribus
870 2741 1098 2823 ignorantiae
1126 2741 1224 2804 uitae

67 2860 96 2900 so
109 2841 306 2906 desideriis
326 2843 360 2906 in
381 2861 418 2907 ee
439 2860 516 2924 quae
538 2860 599 2906 non
620 2843 801 2925 intellegunt
821 2843 999 2906 inciderunt.
1036 2842 1100 2906 Nos
1122 2846 1223 2906 autem

110 2943 336 3024 soientesquia
359 2945 416 3008 lex
443 2944 624 3026 spiritalis
650 2948 705 3008 est
731 2947 762 3007 et
787 2945 902 3007 omnis
928 2944 1086 3025 profetia
1111 2944 1226 3007 inter-

108 3045 342 3128 praetatione
367 3046 519 3129 indiget,
546 3046 694 3110 hebentes
717 3045 872 3109 Christum
895 3045 985 3108 deum
1006 3046 1038 3108 in
1061 3063 1153 3108 seusu
1174 3045 1227 3108 de-

108 3133 357 3227 monstratorem,
386 3146 392 3232 Ι
421 3167 476 3230 per
508 3167 599 3229 quem
628 3149 720 3212 etiam
750 3149 779 3210 si
809 3149 915 3211 aliter
945 3148 1162 3210 sentiremus
1192 3150 1226 3210 et

185 3367 453 3432 anenno-7.
524 3368 792 3432 19Rom.1,21.23.
861 3365 1226 3436 ddoonfigur.]I.Petr.l‚

108 3456 152 3510 14.
170 3444 213 3508 22.
281 3454 316 3508 26
336 3452 377 3506 lex
394 3453 488 3522 spirit]
506 3453 581 3507 Rom.
600 3457 622 3516 7,
643 3457 681 3508 14.
755 3453 839 3506 omnis
856 3452 977 3522 profetia]
995 3451 1031 3506 11.
1049 3450 1119 3505 Petr.
1139 3453 1162 3514 1,
1179 3453 1226 3512 20;

106 3537 277 3593 Baebioro'w
293 3536 333 3591 od.
345 3536 433 3605 Migno
450 3541 513 3591 tom.
526 3540 567 3600 20,
585 3540 650 3593 1034
666 3537 698 3591 A.
767 3541 801 3592 28
818 3533 931 3605 Philipp.
949 3540 1026 3599 3,15‚
1044 3535 1090 3588 ubi
1107 3535 1135 3588 in
1152 3535 1228 3592 codd,

103 3621 331 3688 nangermmemi
346 3624 373 3675 et
384 3621 583 3676 Claromontnno
602 3638 665 3690 quos
684 3621 804 3676 adhibuit
822 3622 971 3675 Sobatarius
983 3623 1067 3673 exstat
1078 3618 1227 3681 iaudent,

300 3840 302 3844 ³
343 3830 546 3884 mittebam
1241 3861 1244 3867 -

152 3895 456 3957 exemenonem
625 3898 655 3949 17
684 3891 807 3954 essem
824 3894 890 3945 fuso
909 3910 938 3945 ex
958 3901 1056 3951 esset
1074 3907 1137 3945 oorr.

162 3997 433 4088 qoobteeseeroi

106 4081 144 4134 17
163 4073 536 4141 momtmueiiexenorot
613 4083 646 4134 ao
664 4089 799 4139 omboes
