2820 4688
247 271 289 335 30
699 281 902 335 Priscillinni

246 441 473 513 mediatoris;
500 440 565 522 ipse
592 443 639 502 est
665 438 720 518 qui,
743 442 790 500 est
817 454 923 517 super
949 441 1087 498 omnem
1109 435 1356 518 principatum

247 546 282 605 et
303 544 523 624 potestatem
551 543 587 602 ot
608 538 784 602 uirtutem
812 541 846 601 et
872 537 1156 600 dominationem
1185 540 1221 600 et
1248 555 1358 618 supra

209 632 212 637 ⁴
246 660 386 706 omnem
408 660 536 705 nomen
558 641 650 721 quod
672 640 880 703 nominatur
902 656 971 702 non
994 640 1109 702 solum
1134 639 1171 702 iu
1192 639 1259 702 hoo
1282 657 1358 702 soe·

238 745 337 822 oulo,
360 744 421 806 sed
444 744 553 805 otiam
574 743 611 805 in
625 741 762 815 futur03
784 741 850 822 ipse
866 743 913 803 est
928 741 1014 802 deus
1037 744 1161 804 noster
1183 741 1358 804 nesolius

246 844 478 927 reputabitur
508 842 643 924 absque
672 861 765 921 eum,
795 841 863 922 quis
890 845 937 905 est
958 846 1067 924 eaput
1089 860 1196 924 super
1217 860 1385 906 omnoms

247 945 428 1024 eolesiom,
451 963 541 1026 quae
559 948 615 1007 est
629 962 758 1026 corpus
780 943 898 1025 ipsius
918 946 953 1005 et
971 944 1164 1024 plenitudo
1186 945 1274 1023 eius,
1297 945 1360 1026 qui

247 1049 365 1111 omnia
380 1050 415 1112 et
429 1049 466 1110 in
477 1045 643 1110 omnibus
656 1045 874 1127 adinpletur.
899 1043 982 1108 Sine
997 1049 1118 1108 eutem
1128 1044 1263 1109 Paulus
1280 1046 1359 1108 siue

246 1149 378 1231 Apollo
408 1149 486 1212 sine
516 1146 621 1210 (telas
652 1147 729 1210 sine
758 1146 913 1209 mundns
943 1146 1020 1209 siue
1050 1147 1128 1210 uito
1157 1147 1234 1210 siue
1264 1165 1385 1210 mors-

248 1249 655 1333 siuep1·aesentiosiue
677 1249 816 1312 futuru:
847 1248 967 1311 omnia
989 1253 1128 1328 nostro,
1151 1266 1214 1312 nos
1237 1252 1358 1313 eutem

244 1351 399 1431 Christi,
423 1351 591 1426 Christus
614 1354 735 1414 eutem
756 1350 821 1413 dei.
1373 1371 1397 1409 m

288 1454 328 1517 Et
349 1440 425 1516 hueo
447 1457 494 1516 est
516 1453 653 1516 omnium
676 1455 816 1522 nostmm
837 1469 899 1514 uno
917 1450 922 1534 Ι
942 1452 1104 1531 sententio,
1134 1457 1178 1531 ut,
1201 1453 1266 1516 sine
1288 1472 1359 1536 pro-

143 1632 146 1638 ,
246 1556 327 1620 fetae
349 1573 403 1618 seu
425 1555 554 1636 apostoli
583 1573 636 1617 seu
659 1553 761 1637 angeli
782 1554 854 1634 quid
880 1553 996 1616 dietum
1018 1572 1037 1617 a
1058 1571 1211 1635 quoquam
1233 1555 1358 1618 nomine

245 1657 428 1740 proferatur,
452 1657 479 1719 si
501 1655 656 1724 Christum
679 1655 768 1718 deum
791 1655 923 1737 profetat
945 1659 999 1719 unt
1020 1655 1175 1736 praedicat
1197 1661 1228 1719 et
1250 1675 1359 1720 seeun-

246 1759 320 1822 dum
334 1758 464 1840 Moysen
485 1762 516 1820 et
530 1758 663 1839 profetas
686 1761 717 1821 et
731 1744 913 1839 eunungoliu
934 1757 1103 1821 mundialis
1117 1759 1193 1821 uitio
1215 1759 1359 1822 condem-

247 1877 324 1924 nans
345 1860 437 1923 deum
457 1861 601 1940 loantur,
624 1860 649 1923 si
665 1859 832 1922 catholicae
854 1858 925 1922 fidei
943 1860 1105 1938 oonsentit,
1128 1860 1357 1941 amplectimur3
1371 1880 1395 1921 u

247 1963 274 2026 si
300 1965 416 2040 autem,
443 1962 523 2042 qnod
549 1962 635 2024 nefas
662 1964 723 2040 est,
749 1960 853 2024 Iesum
879 1961 971 2023 doum
997 1965 1090 2043 negat
1117 1965 1148 2025 et
1174 1962 1358 2026 dissentiens

245 2064 347 2145 Moysi
361 2064 550 2145 euuangeliis
566 2063 615 2125 uel
630 2062 755 2144 profetis
767 2062 947 2141 infelicium,
963 2063 1043 2143 quod
1058 2080 1119 2126 nou
1133 2063 1215 2142 lieet,
1231 2064 1358 2146 dogma-

246 2170 314 2229 tum
336 2164 496 2246 suorilegio
516 2164 681 2246 persuadit,
703 2182 802 2245 neque
823 2163 942 2245 profeta
963 2182 1060 2245 neque
1081 2165 1236 2247 apostolus
1258 2183 1357 2248 neque

247 2267 385 2350 angelus,
408 2266 527 2329 etiamsi
552 2265 611 2330 sibi
633 2283 744 2329 nomen
765 2266 917 2349 praeferet
939 2270 1095 2346 sanetum,
1122 2268 1176 2330 sed
1197 2273 1357 2349 tamquam

185 2377 223 2431 37
247 2368 412 2453 anathemo
430 2385 449 2430 a
466 2367 555 2430 nobis
568 2367 708 2430 habetur
727 2371 758 2431 et
776 2368 892 2449 refuge,
916 2368 995 2431 siout
1008 2365 1017 2452 I
1032 2367 1180 2432 scribtum
1203 2372 1250 2432 est
1271 2370 1358 2450 quio
1369 2391 1395 2430 w

246 2486 349 2533 nomo
374 2469 411 2532 in
434 2469 567 2550 spiritu
595 2473 722 2532 saneto
748 2470 839 2532 dioit
866 2470 1060 2532 anathemo
1084 2468 1169 2534 Iesu
1195 2474 1231 2534 et
1251 2490 1357 2537 nemo

246 2571 320 2635 nisi
340 2568 400 2655 (iu)
422 2570 556 2653 spiritu
578 2577 704 2634 saneto
725 2571 891 2652 loquitur
913 2571 1092 2635 dominum
1114 2571 1249 2646 Iesum;
1277 2563 1358 2639 siout

286 2758 288 2762 ·
348 2741 362 2794 1
380 2738 445 2807 Eph.
469 2741 491 2800 1.
511 2741 557 2800 21;
583 2738 615 2792 of.
633 2739 714 2792 Prisc.
733 2755 788 2792 oon.
805 2739 951 2793 LXXXIII.
1053 2743 1071 2795 4
1088 2740 1162 2810 deus]
1184 2741 1244 2795 Bor.
1269 2744 1293 2805 3,
1314 2744 1360 2798 36..

240 2826 263 2880 ’5
281 2824 370 2893 eaput]
388 2823 453 2892 Eph.
474 2827 496 2886 1,
513 2826 554 2878 23.
623 2823 728 2893 iSiuo]
745 2823 767 2877 1.
785 2822 843 2878 Cor.
861 2827 886 2886 3,
903 2826 943 2879 22.
961 2826 1002 2879 23.
1078 2824 1151 2880 201.
1170 2824 1227 2880 Cor.
1246 2828 1285 2890 12,
1304 2829 1328 2882 3.

288 3014 305 3066 3
323 3011 484 3079 omnem}
500 3011 553 3064 uid.
572 3027 651 3080 supra
667 3027 692 3079 p.
711 3014 751 3074 25,
770 3014 803 3067 12
821 3014 847 3064 et
864 3027 929 3078 quoe
940 3011 1097 3079 Petschenig
1115 3012 1178 3065 dicit
1189 3013 1217 3065 in
1229 3013 1354 3069 Zeitsohr.

246 3164 265 3218 f.
283 3167 331 3218 ost.
345 3163 440 3232 Gymn.
454 3166 528 3228 1886,
544 3181 570 3234 p.
583 3166 640 3220 640.
708 3167 806 3242 lest,
825 3180 894 3216 man.
907 3163 921 3216 I
933 3164 961 3216 iu
972 3179 1054 3231 marg.
1120 3124 1354 3246 tmepo'tfflm

246 3272 470 3343 nosqoeeom

247 3343 386 3413 (Ιυιδεδῐ
577 3334 667 3414 quos]
701 3333 775 3387 nolui
798 3336 899 3386 mutare
926 3334 954 3387 in
986 3344 1057 3414 qut,
1090 3333 1123 3387 of.
1150 3351 1228 3403 supro
1257 3338 1298 3400 27,
1323 3340 1356 3394 19

798 3424 1009 3496 mommolus
1270 3464 1326 3514 NS

246 3507 276 3560 11
303 3494 451 3586 pnofete'
543 3504 575 3557 14
592 3496 918 3573 eoonrocelmuttm
1071 3495 1353 3585 contemnentes,

236 3667 261 3715 ,t
276 3657 314 3726 (iu
332 3660 417 3721 ΝΑῐ)
432 3656 479 3708 lin.
492 3655 550 3718 del,
568 3654 724 3709 uocabulum
735 3671 797 3710 uero
815 3666 851 3717 εῐ
868 3673 920 3710 non
937 3657 1051 3711 deletum
1068 3661 1109 3712 ost
1169 3658 1242 3728 15⁸1]
1253 3620 1352 3742 quIA‚

246 3767 293 3838 qt]
311 3757 396 3818 lineis.
417 3768 442 3816 Α
460 3773 510 3811 ros.
527 3757 576 3810 del.
658 3751 923 3839 amplectimini]
940 3759 1135 3814 eoniunotinum
1148 3760 1259 3814 seribere
1272 3762 1353 3827 uelud,

245 3859 365 3928 quamuis
383 3871 423 3919 υῐ
434 3861 571 3929 preeeedot
641 3861 674 3915 18
687 3851 885 3941 pensionum]
897 3860 929 3914 ef.
940 3861 1109 3925 Sohuohurdt,
1119 3861 1263 3930 Uulgfirlat.
1274 3863 1353 3928 L259

247 4015 278 4068 19
291 3971 463 4094 mactem
531 4015 562 4068 21
584 4024 627 4072 ιΝ
646 4013 675 4066 iu
688 4016 804 4082 margine
821 4031 890 4068 man.
908 4014 922 4067 Ι
940 4014 998 4068 add.
1072 4017 1104 4070 22
1125 4025 1167 4073 ΙΝ
1182 4018 1250 4084 (post
1263 4021 1371 4086 ΝΙΞΙ),

245 4113 317 4167 deest
335 4114 359 4166 in
380 4115 474 4176 eolice,
494 4114 539 4167 sed
557 4118 640 4168 exstat
656 4115 684 4168 in
702 4114 790 4168 eodem
808 4131 884 4168 nemu
902 4106 1006 4170 citando
1024 4115 1068 4169 sol.
1087 4117 1132 4172 52b
1146 4120 1173 4170 et
1189 4120 1234 4172 67·
