2820 4688
140 238 183 300 (34
522 249 524 254 ’
592 253 798 309 Priscilliani

22 477 24 481 ,
140 394 401 489 quadriennis
418 411 518 474 solea
542 411 651 473 ethio
673 409 840 488 deficiet,
857 407 990 472 elarini:
1014 407 1074 488 qur
1097 407 1253 470 aaaron

140 529 270 592 aquam
285 511 396 574 maris
413 516 448 575 et
463 513 605 594 spargit
622 530 699 574 eam
715 530 823 592 super
837 511 970 575 laoiem
985 509 1100 572 totius
1116 511 1252 582 terram

139 613 307 676 dominus
323 613 410 676 deus
426 614 656 696 omnipotens
672 631 801 676 nomeu
817 617 873 676 est
887 612 991 692 ei,.-
1006 610 1060 673 sed
1074 610 1119 674 hii
1133 627 1252 689 omues,

108 706 109 709 '
139 716 329 778 dilectissimi
354 717 475 796 fratres,
504 717 695 798 ignorantiae
716 714 852 779 tenebris
874 713 1005 778 inuoluti
1034 712 1142 776 dubios
1165 730 1253 775 euer-

139 820 211 883 tuut
239 820 272 881 et
293 819 519 881 eonsentientes
550 818 588 881 ad
609 817 788 900 perditionis
812 835 884 880 suae
913 816 1028 898 pericla
1055 814 1220 879 deducunt.
1245 811 1276 898 lo

42 983 44 988 .
138 919 192 982 Hii
220 921 292 982 sunt
318 920 410 998 euim,
435 921 515 982 siout
537 920 686 983 scribtum
709 923 766 998 est,
796 918 910 982 nubes
933 918 1013 981 siue
1040 933 1134 998 aqua
1159 933 1251 996 quae

139 1038 158 1084 a
179 1023 301 1084 uentis
323 1022 644 1101 circumferuntur,
667 1021 816 1084 arbores
840 1020 1006 1084 autumni
1027 1019 1106 1083 sine
1120 1006 1251 1082 fruati-

139 1122 207 1185 bus
228 1127 395 1187 mortuae
418 1126 453 1185 et
480 1125 705 1205 exstirpatae
728 1126 763 1186 et
784 1123 922 1186 fluetus
952 1122 1116 1184 faerooes
1138 1119 1250 1183 maris

139 1227 352 1306 spumantes
382 1244 465 1288 suas
496 1226 759 1307 turpitudiues,
790 1225 912 1288 sidera
936 1223 1087 1287 fallacia
1116 1221 1249 1304 quibus

139 1330 339 1407 tempestas
355 1328 521 1410 etealigo
537 1326 772 1390 tenebrarum
785 1328 1249 1406 1·eseruatasunt;quorum
1262 1341 1286 1379 ιο

138 1429 315 1492 iudicium
330 1430 417 1493 olim
431 1431 490 1492 uir
506 1430 651 1493 suflicit
666 1433 701 1493 et
716 1429 873 1512 perditio
889 1430 941 1492 eis
956 1446 1026 1492 non
1041 1427 1247 1491 indormiet.

22 1527 27 1534 '
135 1531 317 1595 ‘Neseieutes
348 1532 430 1595 euim
459 1551 549 1595 omne
576 1533 633 1595 hoo
655 1532 736 1612 quod
762 1531 884 1595 uidetur
904 1531 1058 1613 proposito
1080 1549 1135 1612 per
1156 1529 1249 1592 deum

138 1632 199 1695 fine
221 1635 391 1716 periturum
415 1638 446 1697 et
468 1635 534 1697 ideo
557 1635 756 1697 inluminatus
773 1633 875 1697 luisse
894 1632 1036 1696 tenebras
1059 1636 1091 1696 et
1111 1633 1248 1701 facturae

78 1745 116 1798 85
140 1732 309 1820 inuenlltam
325 1755 391 1799 esse
406 1740 558 1816 naturam,
580 1740 615 1799 ut
630 1736 730 1799 diuisa
744 1739 917 1817 temporum
932 1735 1067 1798 numeris
1083 1737 1116 1798 et
1128 1733 1248 1797 diorum

138 1837 349 1901 habitaculum
375 1841 567 1920 praestarent
587 1838 706 1912 homiui
726 1837 879 1901 laboranti
900 1837 934 1900 iu
955 1835 1170 1920 opus‘Ohristi
1192 1853 1248 1899 nea
1261 1851 1284 1892 aa

138 1940 342 2003 constitutum
364 1940 486 2002 diuinae
509 1941 677 2003 uoluntatis
700 1938 867 2019 excederet,
896 1939 949 2020 qui
971 1938 1010 2002 ad
1038 1937 1248 2021 praebendum

137 2042 234 2110 nostri
256 2042 463 2105 ministerium
485 2042 591 2105 diuina
611 2042 754 2105 instituta
768 2059 890 2106 seruare
912 2041 1075 2115 uoluisset;
1098 2039 1142 2103 sia
1163 2040 1247 2104 euim

138 2143 287 2207 scribtum
320 2147 368 2207 est
397 2143 433 2206 de
463 2144 538 2207 hiis:
570 2148 675 2226 pater
704 2147 827 2207 uester
860 2141 1027 2206 diabolus
1059 2142 1103 2206 ab
1136 2141 1246 2206 initio

139 2246 397 2324 mendarluit,
421 2249 452 2309 et
473 2263 598 2310 neeesse
620 2249 675 2325 est,
706 2246 791 2308 ouius
806 2245 938 2308 'initium
963 2244 1113 2308 mendacii
1136 2246 1248 2308 natura

139 2347 234 2427 dedit,
264 2348 348 2411 uiam
377 2348 517 2426 ueritatis
546 2352 650 2411 tenere
679 2365 741 2411 non
769 2347 876 2430 possit.
924 2347 1053 2427 Propter
1080 2346 1162 2428 quod
1190 2363 1282 2410 uasto

126 2436 241 2513 'hortor
262 2452 293 2512 et
315 2467 433 2528 moneo,
456 2453 491 2513 ut
512 2450 573 2530 qui
594 2449 777 2532 baptizati
798 2450 835 2514 in
857 2446 1006 2514 Christo
1028 2445 1033 2534 l
1058 2448 1253 2514 Christum-

83 2558 85 2563 '
138 2552 315 2616 induistis
348 2551 497 2615 reiectis
531 2552 670 2615 saeculi
705 2551 869 2614 tenebris
902 2553 1087 2632 tamquam
1117 2550 1156 2621 ia
1188 2550 1258 2614 die‘

138 2653 290 2716 honeste
317 2652 515 2717 ambuletis
546 2657 586 2733 et,
609 2654 689 2718 siout
710 2654 865 2735 apostolus
892 2653 944 2733 ait,
974 2671 1076 2716 nemo
1103 2669 1166 2716 uos
1189 2653 1246 2716 de·
1285 2732 1287 2735 ι

137 2755 332 2838 praedetur
347 2756 543 2819 seeundum
558 2755 830 2839 philosophiam
848 2755 972 2818 mundi
994 2755 1102 2820 huius
1118 2759 1154 2819 et
1175 2771 1245 2819 nou

138 2858 335 2922 seeundum
351 2857 548 2932 Christum3
572 2859 756 2940 sapientia
775 2858 871 2921 enim
892 2857 1000 2922 huius
1015 2857 1139 2921 mundi
1152 2857 1282 2923 stul-ra

137 2958 225 3024 titia
252 2962 308 3024 est
330 2960 423 3042 apud
451 2960 556 3032 deum
578 2964 609 3023 et
639 2978 729 3040 quae
751 2961 925 3024 uidentur
950 2959 1124 3024 mortalia
1145 2964 1243 3034 suut3

238 3105 252 3159 1
271 3102 349 3157 Siras.
361 3107 403 3167 17,
414 3105 455 3160 30,
507 3104 552 3171 qui
574 3103 694 3172 aduocat]
715 3104 796 3157 Amos
813 3107 837 3167 5,
850 3106 878 3167 8;
899 3102 954 3157 Iob.
972 3106 995 3167 5,
1009 3106 1048 3159 10.
1101 3106 1118 3157 4
1135 3103 1180 3157 dil.
1197 3102 1243 3172 fu]

136 3187 170 3242 ol.
181 3188 233 3242 Iao.
248 3192 270 3252 1,
284 3190 323 3255 16,
337 3190 381 3251 19;
398 3191 422 3251 2,
434 3191 458 3243 5.
505 3192 521 3243 6
533 3205 571 3260 ep.
584 3188 665 3241 Iudae
676 3191 714 3244 12;
726 3192 764 3244 13.
812 3192 844 3244 10
857 3203 966 3256 quorum
978 3187 1115 3256 iudicium]
1127 3188 1163 3242 Π,
1172 3187 1243 3242 Petr.

135 3277 160 3338 2,
172 3275 196 3328 3.
277 3276 309 3329 18
321 3274 359 3327 Io.
371 3275 395 3337 8,
404 3276 445 3328 44.
525 3276 557 3328 21
581 3272 637 3327 Gal.
655 3276 679 3337 3,
695 3277 735 3341 27.
822 3275 855 3328 22
877 3273 990 3341 reiectis]
1007 3272 1242 3337 Rom.1a,1a.13.

135 3360 170 3414 23
186 3358 274 3428 nemo]
292 3358 346 3413 Col.
363 3360 386 3420 2,
403 3361 427 3415 8.
520 3362 553 3416 25
576 3359 712 3427 sapientia]
731 3357 822 3413 Lcor.
838 3361 919 3421 3,19;
941 3356 973 3411 ef.
995 3358 1076 3412 Prisc.
1093 3357 1192 3426 prolog.
1214 3359 1243 3411 iu

134 3460 245 3498 cartones
263 3460 362 3497 necnon
380 3443 485 3496 can.IV
503 3447 529 3497 et
545 3443 686 3498 LXXXIX.
759 3446 791 3499 26
809 3449 873 3511 quae
891 3441 1024 3512 uidentur]
1042 3441 1078 3496 11.
1091 3441 1147 3497 Cor.
1160 3445 1185 3507 4,
1198 3446 1242 3507 183
1277 3472 1280 3476 ⁸

134 3529 168 3583 ol.
180 3529 261 3587 Prisc.
274 3546 329 3582 ean.
342 3529 387 3582 XI.

174 3659 193 3712 ’5
217 3639 400 3739 pellenia.
428 3668 449 3716 u
477 3657 523 3710 lin.
550 3657 592 3710 del
678 3660 694 3714 8
722 3656 890 3738 fACROClS]
916 3655 1023 3711 Graece:
1052 3655 1146 3725 κύματα
1171 3653 1243 3725 &ypra

134 3742 432 3843 atoslprruonoes,
454 3771 512 3819 rex
532 3769 538 3816 ι
559 3757 620 3812 fact.
708 3762 740 3814 14
756 3758 836 3812 uerba
854 3748 1088 3818 roam-bne.
1112 3759 1242 3843 seriptum

134 3915 249 3977 eoartata
270 3915 415 3976 exarantur,
438 3911 470 3966 ef.
484 3916 524 3977 55,
537 3915 581 3974 233
600 3914 668 3975 61‚5
755 3915 786 3967 15
803 3873 1024 3994 pRAeSlARe'i'
1107 3909 1190 3979 Νεί]
1206 3909 1240 3966 of.

133 4086 297 4152 supraema
377 4085 408 4139 18
430 4023 650 4143 scararuoerge
719 4085 751 4138 19
771 4093 943 4143 maronae
1015 4086 1166 4170 πικρω
