2820 4688
531 255 694 307 tractatus
711 251 743 306 ll.
1149 234 1191 297 95

43 438 47 442 -
76 405 117 469 ad
147 406 240 470 fidem
269 409 323 471 aut
344 411 484 488 pugnant
513 411 567 471 aut
595 408 789 472 dominantur
818 408 851 471 in
880 408 967 471 nobis
997 406 1190 471 tribulatione

76 507 277 572 formidinum
299 525 354 572 seu
376 509 545 573 adolatione
572 509 714 588 felicium,
736 508 797 588 <uo
818 526 908 590 quac
930 508 1189 572 distrucximus

76 610 306 674 instruentes
321 611 361 674 ad
382 628 419 673 ea
432 611 544 692 quibus
566 613 807 675 renuntiuuimus
827 615 1026 689 reuertamur,
1048 611 1191 691 quoniam

77 712 157 776 nihil
184 713 314 776 interest
343 711 473 793 diabolo,
502 717 607 778 utrum
636 718 720 777 metu
749 715 899 777 mulorum
927 730 966 776 an
995 712 1191 794 persuasione

50 815 216 878 efolicium
231 815 381 879 adunatae
397 832 416 878 a
430 814 486 879 deo
502 817 583 879 uitae
600 817 743 897 peccati
757 816 899 880 occasio
914 818 945 879 et
958 814 1086 878 materia
1104 831 1191 895 prae-

78 919 188 995 stetur,
216 916 277 981 uisi
298 916 379 998 quod
408 917 525 980 iamin
548 917 775 998 captiuitatibus
798 917 910 980 nostris
939 915 1122 979 tolerabilior
1144 918 1192 978 est

78 1017 267 1083 consuetudo
297 1019 491 1083 miseriarum
516 1037 610 1100 quam
630 1020 719 1082 ruina
741 1019 883 1097 felicium,
910 1019 1028 1081 dicente
1050 1017 1086 1080 de
1106 1013 1114 1100 ll
1133 1017 1189 1085 hoe
1214 1023 1272 1078 129

77 1120 212 1203 profeta:
235 1120 317 1184 andi
331 1138 396 1199 me,
412 1121 568 1202 populus
583 1138 695 1199 meus,
711 1121 880 1201 quoniam
895 1121 990 1183 sicut
1005 1121 1191 1182 exactores

78 1222 197 1286 uestri
226 1221 535 1286 circumscribunt
560 1240 633 1302 uos,
663 1224 770 1286 itaet
798 1222 859 1302 qui
881 1221 1098 1286 beatificant
1125 1237 1188 1284 uos

42 1344 68 1384 ιο
79 1323 262 1401 seducunt
276 1340 350 1403 uos,
372 1326 412 1387 ut
426 1324 577 1388 semitas
593 1324 724 1407 pedum
742 1327 948 1388 uestrorum
963 1321 1190 1387 conturbent.

121 1425 164 1489 llt
176 1426 243 1490 ideo
258 1426 359 1489 Dauid
374 1430 498 1490 sauctus
514 1427 664 1491 titulum
679 1427 811 1508 psalmi
831 1426 868 1489 in
890 1426 1090 1490 doctrinam
1112 1442 1192 1488 con-

79 1544 268 1592 uersorum
283 1529 396 1610 positi
411 1532 493 1610 post
508 1528 673 1593 deuictae
689 1528 777 1592 duas
789 1526 912 1611 Syrias
926 1529 959 1592 in
974 1527 1191 1591 exultationem
1215 1583 1217 1586 ,

11 1660 15 1665 ·
80 1629 268 1694 triumfantis
291 1630 416 1709 inducit,
439 1633 487 1709 ut‚.
505 1631 557 1711 qui
578 1631 703 1694 titulum
725 1630 837 1712 psalmi
858 1630 891 1694 in
913 1630 1080 1693 doctrinam
1101 1629 1192 1711 positi

80 1735 113 1796 et
134 1733 369 1814 gratulationem
390 1732 491 1795 Dauid
516 1733 596 1797 inter
617 1732 700 1796 bella
721 1733 831 1795 saluati
852 1733 884 1795 iu
912 1733 1100 1795 intellectum
1122 1748 1192 1813 pro·

45 1834 163 1898 trictici
183 1835 333 1898 sermonis
348 1831 552 1919 'agnosceiret
575 1834 695 1898 diuinae
716 1834 942 1916 intellegentiae
964 1851 1039 1916 opus
1062 1834 1190 1917 moliens

81 1938 113 1999 et
125 1935 320 2000 uoluntatum
342 1954 467 1999 suarum
481 1936 514 1999 in
537 1955 570 2000 se
591 1937 698 2000 uidens
714 1935 796 1999 bella
816 1937 968 1999 humanae
982 1934 1190 2007 inbecillitatis

80 2041 237 2120 respueret
258 2056 374 2102 errores
397 2043 429 2101 et
450 2039 524 2102 duas
540 2037 642 2120 Syrias
664 2039 721 2101 hoc
741 2023 796 2101 est
809 2037 868 2101 duo
882 2039 1093 2120 peccaminum
1107 2037 1191 2120 prin-

80 2141 168 2222 cipia,
190 2140 277 2222 quod
299 2140 380 2204 aliud
409 2141 504 2204 animi
525 2141 608 2204 aliud
636 2140 768 2223 corporis
791 2140 889 2203 officio
918 2140 1008 2203 datur
1036 2140 1191 2203 saeculare

80 2241 193 2324 aliquid
220 2243 302 2306 uelle
331 2243 383 2306 uel
411 2243 521 2322 facere,
552 2243 714 2306 deuinceus
743 2241 904 2322 indutus,
934 2242 1024 2312 sieut
1043 2241 1192 2305 scribtum

46 2347 138 2424 sest,
167 2344 258 2408 iidei
279 2345 389 2407 armis
412 2345 556 2408 uitiorum
578 2349 684 2426 ageret
704 2344 895 2425 triumphum
917 2346 947 2407 et
975 2343 1131 2407 dedicatae
1158 2344 1191 2408 in

81 2444 201 2510 Christo
217 2447 454 2510 conuersationis
476 2445 809 2512 inmarcescibilem
829 2452 998 2509 coronam
1018 2446 1104 2508 uelut
1125 2446 1192 2526 qui-

79 2547 210 2611 busdam
231 2548 366 2611 uictricis
389 2548 516 2611 militiae
539 2548 696 2629 stipendiis
719 2551 897 2627 mereretur,
919 2544 928 2632 11
950 2548 1092 2629 quoniam
1113 2548 1190 2611 haec
1214 2553 1273 2610 130
1347 2557 1350 2562 ’

79 2639 206 2732 perfecti
232 2649 305 2714 boui
326 2651 423 2731 gloria
445 2654 501 2729 est,
530 2651 567 2729 si,
597 2651 676 2714 sicut
705 2650 854 2713 scribtum
876 2653 933 2729 est,
962 2649 1190 2713 castificatio

79 2752 244 2834 corporis
259 2753 355 2833 pretio
371 2752 515 2815 excolitur
530 2752 747 2831 uoluntatis.
763 2751 902 2832 Denique
918 2752 990 2814 dum
1002 2751 1104 2814 nullus
1118 2754 1191 2832 apu't

46 2843 135 2918 unos
160 2853 288 2918 infinitis
313 2853 382 2917 linis
412 2856 512 2917 estet
536 2853 595 2917 fixo
620 2854 652 2917 in
674 2854 825 2917 lubricum
847 2871 953 2936 gressu
982 2853 1107 2918 modum
1129 2869 1190 2917 nou

178 2970 377 3034 aetdelalt.
413 2970 658 3033 sct.ltom.7‚8.11.
693 2971 838 3035 8E8.8,l2.
875 2970 1074 3034 llol.Ps.59‚l.
1114 2969 1188 3026 leof.

76 3057 153 3112 Rom
164 3059 204 3121 13,
215 3060 260 3120 12;
271 3056 372 3125 Epht,
384 3059 414 3112 11
428 3072 482 3124 sqq.
526 3059 558 3113 21
572 3057 594 3111 1.
606 3057 677 3111 Patr.
687 3061 710 3120 5,
720 3059 744 3111 4.
788 3060 822 3112 23
835 3057 908 3127 cast]
920 3055 953 3111 cf.
965 3071 1045 3124 supra
1055 3073 1079 3124 p.
1092 3058 1133 3119 72,
1149 3058 1188 3120 16,

76 3143 123 3197 sod
140 3142 229 3197 nostro
246 3142 304 3196 loco
324 3134 507 3201 volumtas
525 3158 571 3210 pro
592 3134 762 3223 voluptas
781 3142 907 3211 scriptum
925 3157 979 3199 esse
997 3140 1109 3194 uidetur.

120 3281 135 3335 1
153 3261 446 3359 puersn'oettaur,
462 3279 518 3331 orat
530 3266 696 3360 poemat,
716 3276 809 3331 deindo
830 3287 880 3335 ret
896 3278 925 3331 in
941 3293 1023 3345 marg.
1042 3275 1110 3330 afux.
1129 3279 1189 3337 eet

75 3379 340 3447 (intaul'liudel
391 3371 627 3440 tuoeulauoue
689 3379 856 3439 sordeat
911 3360 1187 3456 4001111111(οηοο

77 3534 122 3600 Ν)
137 3532 183 3588 nn.
196 3532 246 3587 no.
334 3473 589 3610 1111οᾸ80000),
609 3544 634 3593 u
651 3535 689 3599 (u
707 3523 762 3599 tu)
778 3531 824 3590 nn.
846 3530 896 3585 10.
982 3524 1188 3593 sollemne

76 3637 94 3690 0
110 3627 362 3714 totleuaodoou,
381 3636 452 3712 prior
475 3627 688 3702 locucionis
707 3635 755 3689 dol.
837 3624 1102 3710 scorcsuttutu
1128 3645 1139 3694 t
1158 3650 1188 3688 ex

80 3723 171 3795 seon.
241 3740 258 3793 e
277 3746 426 3816 uesanos,
447 3737 520 3805 sun
540 3739 603 3805 nus)
619 3737 665 3791 lin.
685 3737 734 3791 del.
821 3739 850 3793 11
875 3727 1038 3816 psalmia,
1063 3752 1115 3789 una
1134 3735 1185 3792 uto.

78 3854 142 3892 eru.
194 3829 411 3915 1000010105,
433 3850 492 3899 tex
511 3852 519 3897 ι
539 3855 603 3894 corr.
656 3842 688 3894 19
707 3823 922 3926 10011οεΝρ1
975 3840 1008 3893 24
1025 3819 1183 3919 peneto,

77 3950 101 3998 Α
124 3939 169 3996 liu
187 3941 237 3997 del
268 4009 285 4022 .
320 3944 560 4024 251ΝμΝ1118,
589 3944 644 3995 erat
673 3952 758 4024 flat,
786 3941 831 3994 sed
859 3951 983 4023 implut·
1008 3940 1185 4020 mauIcorr.

130 4031 293 4153 incudm,
310 4061 364 4136 clf·
381 4079 409 4131 in
427 4094 507 4147 marg.
527 4094 595 4132 man.
608 4078 630 4142 1,
648 4093 706 4147 opp.
724 4094 749 4147 p.
763 4081 803 4142 57,
817 4081 849 4134 18
