2820 4688
150 247 273 306 xnvm
375 232 377 235 ’

150 416 232 498 typis
264 431 401 502 seorsum
426 415 579 479 mandata
611 413 777 478 multarum
810 415 972 497 praefectis
1005 415 1260 482 bibliothecarum

12 545 14 551 ·
149 518 356 597 innotuemnt,
386 533 476 581 nemo
505 520 609 580 tamen
639 517 737 580 adhuc
766 536 816 580 me
846 518 947 583 docuit
974 522 1095 601 praeter
1124 520 1260 588 codicem
1287 506 1289 514 ’

132 626 139 694 J
149 619 439 702 wirceburgensem
462 618 536 683 alibi
557 637 687 700 usquam
710 623 856 683 tractmus
877 624 998 685 nostros
1021 614 1139 687 exstare
1160 640 1260 704 neque

17 739 21 745 ·
150 720 300 791 Rudclius
322 721 411 801 Beer,
434 739 526 803 qoem
547 737 628 785 anno
652 719 731 783 1887
755 722 938 786 lustrantem
959 722 1128 805 Hispaniae
1145 724 1260 788 biblio·

109 818 111 822 ’
149 824 254 888 thecas
275 841 392 905 parum·
404 826 496 925 notas
519 827 553 886 ut
574 823 613 886 ad
631 823 711 887 banc
724 842 791 888 rem
805 824 941 888 animum
957 825 1128 889 attenderet
1142 826 1259 909 rogaui,

149 925 182 990 in
202 925 257 990 illa
278 930 369 1005 terra,
391 925 423 988 in
446 943 507 1006 qua
525 943 597 1007 prae
613 926 720 991 ceteris
742 925 926 989 Priscilliani
947 926 1079 1009 uestigia
1100 945 1260 1010 superesse

150 1026 297 1108 crederes,
320 1025 507 1092 tractatuum
527 1026 804 1092 Priscillianeomm
827 1027 961 1092 codicem
983 1029 1082 1092 ullum
1101 1019 1229 1093 inuenit.

603 1235 805 1244 ——-—-

131 1452 132 1455 ,
192 1343 323 1468 orror
344 1388 405 1464 m.
434 1389 491 1464 un
513 1388 749 1466 oruoomus
772 1390 979 1467 rnuunurs
1000 1389 1224 1471 noaonouu

416 1516 631 1594 moronus
651 1517 701 1592 un
722 1516 996 1595 nnonronmus.

192 1674 246 1741 Sat
278 1675 384 1739 multis
416 1673 569 1739 codicibus
596 1674 778 1738 Priscilliani
806 1674 839 1738 in
869 1674 1014 1757 epistulas
1044 1674 1073 1740 S.
1098 1676 1186 1740 Pauli
1208 1695 1259 1740 ca-

149 1796 244 1842 nones
265 1777 441 1852 traduntur3
454 1777 535 1841 'addi
555 1778 637 1841 enim
659 1776 799 1841 solebant
819 1778 850 1840 in
873 1776 1037 1842 bibliorum
1062 1778 1260 1860 Hispaniensi

149 1879 267 1947 familia
287 1883 358 1943 ante
381 1869 525 1962 epistulas
547 1878 646 1959 Pauli,
669 1897 730 1960 qua
747 1898 786 1942 ‘ex
805 1898 838 1942 re
854 1880 1071 1961 quanti'etiam
1085 1882 1260 1961 posteriori·

148 1981 207 2047 bus
234 1982 364 2046 saeculis
392 1980 444 2064 (cf.
469 1981 551 2064 Sulp.
580 1980 658 2061 Seu,
681 1981 784 2045 chron.
805 1981 846 2061 II,
866 1981 905 2053 51
929 1979 947 2064 ἕ
969 1981 997 2046 l.
1018 1979 1052 2066 8)
1075 1982 1260 2047 Priscilliani

150 2085 277 2150 eruditio
303 2087 335 2148 et
356 2084 519 2149 aucteritas
548 2084 589 2147 sit
617 2084 779 2148 aestimata
806 2084 896 2148 facile
924 2084 1128 2168 intellegitun
1162 2088 1260 2166 neque

94 2270 98 2276 ι
150 2189 231 2254 enim
259 2178 446 2253 'theodulfus
475 2205 574 2268 neque
604 2186 654 2250 alii
682 2187 853 2269 praesules,
884 2187 936 2268 qui
964 2186 1001 2250 de
1031 2187 1198 2251 tractandis
1228 2191 1261 2251 et
1296 2216 1299 2222 ·

149 2289 387 2363 transcribendis
409 2288 495 2355 libris
517 2287 638 2353 biblicis
665 2288 744 2352 bene
770 2288 872 2352 meriti
898 2292 979 2369 sunt,
1010 2289 1185 2354 abhuruisse
1212 2291 1260 2353 ui·

140 2393 259 2462 ‘dentur
281 2392 319 2458 ab
342 2392 399 2458 illo
414 2391 563 2456 baeretici
589 2391 721 2455 auctoris
748 2391 893 2473 opusculo
920 2393 951 2454 et
976 2391 1139 2474 singularis
1165 2392 1260 2456 etiam

149 2495 301 2578 industria
321 2493 555 2577 impendebatur
575 2493 636 2558 illis
659 2492 824 2557 canonibus
844 2493 1149 2577 magnificentissime
1171 2495 1259 2558 ador-

150 2598 268 2678 nandis,
291 2595 535 2684 quandoquidem
558 2595 699 2664 meliores
726 2595 814 2677 eique
840 2596 1024 2660 uetustiores
1050 2595 1122 2659 libri
1147 2596 1258 2660 litteris

149 2696 240 2785 pictis
270 2702 301 2762 et
324 2698 516 2763 ‹omamentis
545 2697 578 2762 in
607 2696 675 2761 illis
697 2697 772 2780 ipsis
799 2715 951 2762 canonum
976 2698 1096 2780 paginis
1118 2703 1191 2783 sunt
1211 2699 1260 2762 in·

150 2803 267 2868 structi
1059 2864 1062 2871 .

192 2905 291 2985 Quam
320 2905 436 2975 incerta
464 2906 568 2968 autem
598 2907 629 2967 et
658 2902 767 2986 exigua
794 2902 887 2966 tuerit
915 2903 953 2966 de
982 2905 1088 2966 nostra
1115 2922 1157 2966 rew
1177 2904 1258 2990 apud

117 3000 119 3002 ’
142 3008 326 3094 recentioris
333 3007 449 3085 ‚mtatis
464 3006 545 3070 uiros
560 3004 663 3069 doctos
679 3005 835 3084 memoria,
851 3003 1009 3086 apparebit
1025 3022 1060 3067 ex
1074 3005 1151 3085 loco,
1166 3015 1258 3086 quem

150 3109 244 3174 habet
266 3109 325 3173 Ios.
345 3108 423 3175 Mar.
447 3107 661 3173 Thomasius
684 3107 855 3197 cardinalis,
877 3107 925 3169 uir
946 3106 1149 3186 doctissimus,
1173 3109 1258 3172 cuius

151 3214 252 3294 ‘opera
269 3205 386 3276 omnia'
410 3210 541 3274 editione
563 3210 638 3280 satis
663 3227 733 3274 rara
755 3207 857 3272 emisit
876 3207 915 3272 A.
935 3207 969 3271 F.
986 3207 1121 3288 Uennosi,
1143 3209 1258 3273 Romae

151 3332 177 3377 a.
190 3309 280 3392 1747,
292 3316 365 3376 tem.
377 3312 395 3378 I
408 3298 585 3394 (sacrorum
597 3297 759 3396 bibliorum
771 3313 891 3397 ueteres
902 3309 995 3396 tituli,
1007 3310 1155 3374 sectiones
1168 3314 1258 3398 etc'),

150 3414 204 3478 ubi
220 3415 252 3478 in
267 3414 515 3497 ‘praemonitione
537 3414 576 3478 ad
598 3414 752 3477 lectorem'
774 3432 804 3494 p.
820 3409 882 3473 293
894 3429 959 3501 sqq.
983 3411 1059 3475 haec
1080 3412 1224 3494 legimus:

193 3500 316 3581 „hoobus
337 3513 423 3568 Faber
445 3513 605 3582 Stapulensis
630 3513 658 3567 in
681 3527 787 3566 suorum
805 3507 1058 3571 Commentariorum
1080 3513 1108 3565 in
1125 3513 1256 3582 Epistulas

96 3642 98 3646 .
149 3600 224 3654 Raeti
234 3595 311 3653 Pauli
322 3598 487 3653 Praelatione
503 3593 574 3662 haec,
592 3614 660 3666 quae
673 3597 706 3650 ad
724 3599 843 3650 nostrum
855 3596 942 3664 aliquo
959 3596 1037 3650 modo
1049 3591 1132 3651 lacere
1149 3601 1259 3667 possunt

140 3685 308 3748 'mennatum
326 3683 427 3738 scribit:
439 3674 500 3740 .»Et
517 3684 586 3753 puio¹
597 3683 716 3752 Majorer
733 3683 819 3738 neutri
835 3688 892 3737 tum
910 3682 1006 3738 Graeci
1022 3689 1079 3738 tum
1095 3683 1193 3738 Latini
1208 3683 1259 3738 Oc·

148 3787 229 3826 nona
246 3771 289 3824 bie
306 3760 438 3838 Epistolia
450 3760 544 3824 Sancti
555 3769 638 3832 Paeti
651 3769 801 3837 praeficere,
814 3773 839 3823 ct
855 3767 942 3822 adlruc
959 3768 989 3821 in
1002 3768 1136 3837 plerisque
1152 3771 1258 3824 comete

153 3856 293 3911 (lodicibus
314 3872 357 3910 coe
379 3855 493 3924 reperire
506 3860 733 3926 promptamtert:
762 3853 837 3921 opud
862 3853 967 3922 quidem
991 3853 1105 3914 Graecae
1127 3853 1260 3909 Eusebiae

148 3947 173 3996 et
190 3943 360 4007 Ammoniace,
386 3941 461 4009 apud
481 3956 540 3994 vero
557 3940 672 3993 Lctincr
689 3939 891 4009 Prr'ecttta'cnace,
917 3939 977 3993 ideo
1001 3945 1025 3992 ct
1045 3955 1094 3993 nor
1115 3939 1259 4004 (coriario

149 4031 253 4085 tumea
270 4026 314 4080 tir
330 4025 386 4093 qai
402 4031 477 4086 rant
495 4025 712 4078 Priscilliani
724 4041 784 4078 cca
799 4025 885 4078 actum
902 4023 934 4077 ob
951 4023 982 4077 id
993 4024 1063 4091 quood
1080 4027 1199 4092 corrupti
1216 4027 1260 4078 in·
1316 4054 1318 4057 ·

88 4100 89 4104 ἵ
149 4111 297 4178 mamm,
313 4126 401 4164 ceram
413 4115 438 4162 et
454 4110 588 4176 iusuper
600 4109 689 4176 *quod
705 4125 810 4163 eorum
827 4108 953 4162 numeri
969 4109 1092 4169 nostrie
1109 4124 1172 4162 noc
1189 4126 1259 4164 coc-
