2820 4688
226 212 304 315 vni

268 426 314 487 De
338 425 403 487 uita
424 428 456 488 et
476 425 614 488 doctriua
629 425 813 489 Priscilliaui
835 444 907 488 cum
929 427 960 489 in
983 427 1088 490 libello
1111 428 1343 509 'Priscilliam

226 527 284 591 eiu
312 515 678 610 neuauigefuudcner
707 528 951 591 lateinischer
980 523 1254 596 Schriftsteller
1281 532 1343 594 des

225 630 278 693 IV.
305 630 326 694 J
332 631 592 710 ahrhundertS,
627 630 815 713 Wrirzbmg,
850 628 961 694 Stubcr
994 628 1085 692 1886‘
1123 630 1256 695 breuiter
1283 634 1345 695 dis·

227 734 372 796 seruerim
396 737 426 795 et
448 737 564 813 postea,
589 732 615 798 si
637 736 759 815 tempus
776 732 917 811 sufficiet,
940 733 1038 797 fusius
1055 737 1177 797 acturus
1194 735 1263 813 sim,
1286 735 1344 798 hoc

188 840 190 844 ‘
225 835 291 897 loco
315 835 420 898 titulos
444 837 566 897 tantum
588 833 772 898 nobiliorum
802 836 855 914 qui
885 835 923 897 ad
950 840 1087 898 nostram
1114 855 1180 899 rem
1203 840 1344 918 spectant

225 936 374 999 librorum
396 938 587 1019 congessisse
610 937 684 1000 eatis
706 936 835 1001 habebo.
871 937 969 1001 Unius
992 941 1095 1000 autem
1117 938 1343 1020 Hieronymi,

226 1039 352 1101 testium
373 1039 589 1118 uetustissimi,
612 1058 683 1102 cum
706 1039 864 1121 aptissime
886 1043 984 1102 totam
1005 1058 1071 1101 rem
1094 1041 1342 1122 comprehendat,

226 1141 301 1205 libet
333 1141 536 1205 transcribere
569 1140 665 1204 uerba
697 1143 784 1222 quasi
817 1140 954 1204 omnium
984 1159 1062 1221 quae
1092 1143 1263 1205 attuleruut
1292 1144 1344 1206 alii

227 1261 381 1306 summam
403 1243 635 1317 breuissimam3
664 1244 830 1306 memoriae
853 1243 934 1305 euim
957 1243 1058 1325 prodit
1079 1244 1288 1325 Hieronymus
1310 1244 1343 1306 iu

79 1363 81 1368 ·
142 1407 144 1412 s
225 1345 304 1409 libro
327 1347 364 1409 de
386 1347 442 1410 uir.
466 1347 509 1409 ill.
534 1364 613 1410 auno
636 1343 699 1407 392
721 1346 901 1427 conscripto,
924 1363 988 1427 cap.
1008 1342 1086 1409 121:

370 1449 592 1527 Priscillianus,
615 1448 726 1511 Abilae
750 1449 919 1530 episcopus,
941 1449 995 1529 qui
1018 1449 1149 1512 factione
1163 1450 1290 1531 Hydatii
1312 1454 1344 1513 et

328 1551 439 1614 Ithacii
461 1551 601 1614 Treueris
624 1569 642 1614 a
663 1551 798 1614 Maximo
825 1556 955 1632 tyranno
982 1569 1089 1614 caesus
1113 1556 1161 1615 est
1186 1551 1284 1634 <auno
1305 1560 1343 1612 ut

249 1692 252 1700 ·
328 1652 461 1715 uidetur
475 1653 538 1715 385
552 1675 584 1737 p.
606 1650 678 1716 Cdo.
694 1655 749 1736 ab,
773 1654 867 1717 edidit
882 1654 980 1726 multa
1002 1655 1157 1733 opuscula,
1173 1655 1217 1717 -de
1232 1653 1343 1735 quibus

203 1827 205 1832 ,
329 1756 367 1818 ad
389 1774 444 1820 uos
467 1756 568 1837 aliqua
590 1761 804 1838 peruenerunt.
838 1757 898 1819 Hie
913 1774 1011 1835 usque
1033 1756 1123 1818 hodie
1146 1774 1165 1818 a
1186 1755 1342 1820 nonnullis

328 1859 484 1941 gnosticae
510 1860 589 1943 idest
610 1859 753 1922 Basilidis
780 1859 831 1922 uel
857 1859 963 1937 Marci,
995 1859 1032 1921 de
1061 1857 1171 1938 quibus
1197 1859 1343 1922 Irenaeus

328 1961 445 2040 scribit,
466 1962 627 2025 haereseos
651 1964 826 2039 accusatur,
856 1959 1089 2023 defendentibus
1118 1960 1185 2023 aliis
1212 1961 1344 2023 nonita

329 2082 400 2126 eum
423 2064 556 2127 sensisse
579 2066 614 2126 ut
637 2063 783 2145 arguitur.

268 2166 411 2230 Aliorum
422 2167 473 2247 qui
488 2167 525 2229 de
536 2166 719 2229 Priscilliani
733 2166 854 2228 haeresi
869 2166 1018 2247 ampliora
1033 2167 1145 2236 artiora
1158 2165 1275 2229 habeut
1289 2185 1344 2228 ue·

228 2269 391 2331 tustiorum
407 2268 589 2350 scriptorum
604 2271 810 2349 conspectum,
833 2269 882 2330 cui
896 2284 994 2348 pauca
1012 2266 1111 2330 habeo
1126 2285 1204 2347 quae
1222 2267 1342 2347 addam,

228 2370 354 2452 praebet
369 2371 411 2434 Io.
427 2371 523 2433 chr.
535 2371 626 2433 Beru.
644 2370 829 2433 Luebkert
843 2371 874 2433 iu
893 2369 998 2433 libello
1014 2371 1070 2433 ‘Dc
1085 2371 1204 2434 haeresi
1217 2370 1343 2433 Priscil-

227 2474 419 2537 lianistarum
441 2473 627 2536 exsortibus
643 2474 743 2536 denuo
758 2473 885 2551 collatis,
901 2473 1042 2535 Hauniae
1059 2470 1160 2552 1840’,
1176 2492 1205 2555 p.
1222 2470 1342 2544 4-11;

229 2577 280 2656 qui
301 2580 405 2638 tamen
428 2576 600 2657 scriptores,
628 2594 699 2638 cum
721 2575 774 2639 alii
795 2576 832 2638 de
852 2574 1094 2645 Priscillianistis
1125 2576 1222 2656 magis
1249 2592 1340 2654 quam

229 2678 266 2740 de
280 2678 470 2741 Priscilliano
485 2678 595 2757 dicant,
619 2678 672 2741 alii
686 2678 811 2740 nomina
826 2678 949 2740 omuino
964 2678 1122 2756 reticeant,
1146 2695 1221 2740 num
1236 2694 1342 2739 omnes

229 2781 292 2843 sint
309 2780 451 2843 audiendi
463 2781 494 2843 iu
509 2780 670 2843 iudicanda
685 2781 780 2860 ipsius
796 2779 977 2843 Priscilliaui
992 2779 1138 2858 doctriua,
1155 2779 1212 2842 erit
1228 2778 1342 2841 delibe-

135 2941 139 2950 ,
229 2883 375 2955 raudum3
403 2886 475 2946 suut
496 2884 560 2946 fere
582 2883 630 2945 hi:
659 2886 727 2945 acta
748 2882 953 2960 conciliorum,
976 2882 1169 2959 Ambrosius,
1191 2880 1342 2963 Augusti·

230 3004 298 3063 nus,
327 2985 515 3063 Bachiarius,
545 2985 709 3063 Damasus
742 2983 1031 3065 [Pseudo-Deuter],
1061 2984 1267 3064 Hieronymus
1297 2982 1342 3065 (et

181 3095 188 3162 J
228 3087 376 3150 Aethieus
399 3086 500 3170 Ister),
528 3087 654 3165 Idatius,
680 3087 890 3164 Innocentius,
924 3086 1089 3165 Isidorus,
1107 3085 1167 3148 Leo
1197 3086 1341 3167 Magnus

229 3187 382 3252 Maximus
404 3191 489 3269 imp,
512 3189 688 3267 Montanus,
712 3188 846 3267 Orosius,
868 3187 1011 3266 Pacatus,
1033 3188 1226 3266 Philastrius,
1248 3187 1342 3249 Prae-

231 3291 412 3370 dcstiuatus,
446 3290 590 3372 Prosper,
621 3291 819 3369 Prudentius,
849 3288 987 3369 SiriciuS,
1022 3288 1171 3371 Sulpicius
1201 3288 1341 3368 Seuerus,

230 3393 457 3456 Theodosiacus
480 3393 581 3472 codex,
605 3391 771 3470 Turribius,
794 3391 973 3455 Uiucentius
996 3390 1177 3455 Lerinensis.

245 3495 397 3558 'Praeter
426 3493 635 3559 Luebkertum
666 3493 754 3557 libris
783 3495 987 3576 peculiaribus
1021 3496 1057 3557 de
1090 3495 1341 3558 Priscilliauismo

231 3597 439 3660 disseruerunt
458 3598 509 3661 alii
524 3616 643 3679 quoque
658 3598 717 3659 uiri
731 3597 822 3677 docti,
845 3599 931 3660 uelut
946 3596 1051 3662 Simon
1065 3598 1106 3659 de
1122 3598 1235 3676 Vries,
1258 3597 1339 3660 Dies.

230 3700 335 3763 critica
357 3700 393 3763 de
414 3699 655 3764 Priscillianistis
678 3719 842 3780 eorumque
869 3701 940 3763 fatis
963 3700 1108 3764 doctrinis
1137 3704 1168 3763 et
1195 3699 1340 3777 moribus

215 3801 361 3865 ¹Traiecti
393 3803 431 3866 ad
459 3803 601 3866 Rhenum
633 3801 731 3877 17453
765 3803 871 3866 Franc.
903 3803 1108 3882 Giruesius,
1137 3803 1184 3865 De
1217 3802 1343 3866 historia

108 3932 112 3943 ·
159 3935 161 3939 ’
229 3903 530 3968 Priscillianistarum
554 3906 725 3980 dissertatio
747 3904 780 3968 iu
802 3906 877 3968 duas
900 3909 1004 3986 partes
1026 3905 1198 3983 distributa,
1226 3905 1341 3966 Romae

232 4005 328 4080 17503
346 4007 381 4070 P.
391 4007 633 4086 Thicaeciari,
649 4007 695 4070 De
710 4008 1011 4070 Priscillianistarum
1026 4007 1145 4070 haeresi
1161 4011 1191 4069 et
1206 4006 1341 4084 historia,

232 4106 312 4171 1751
330 4108 382 4191 (=
396 4109 514 4192 Migne,
525 4111 608 4172 Patr.
617 4110 669 4172 lat.
679 4108 731 4188 55,
740 4110 796 4173 col.
807 4107 1010 4183 991-10663
1026 4109 1064 4171 cf.
1078 4108 1176 4172 Storia
1187 4109 1342 4172 letteraria
