2820 4688
153 235 195 301 74
605 239 810 324 perennans

153 408 186 473 in
208 427 242 473 eo
265 413 345 490 quod
363 410 537 492 patiebatur
557 409 695 492 pascha
716 427 821 473 suum
836 408 1021 474 Christum
1035 405 1267 494 inmollatum

154 529 234 591 csso
257 512 422 593 cognoscit,
446 513 565 576 dicente
586 512 697 576 Panlo:
724 512 755 576 si
776 511 1007 593 conplantati
1028 511 1118 575 facti
1139 529 1279 591 sumus.

154 613 393 677 similitudini
405 614 532 678 mortis
544 615 632 694 eius,
648 613 758 678 simul
774 618 807 678 et
818 613 1102 678 resurrectionis
1118 613 1269 692 crimus,

154 716 315 779 scientes
337 716 403 780 hoc
425 716 509 797 quia
530 720 644 780 uetus.
659 716 765 790 homo
785 715 910 780 noster
932 716 1042 780 simul
1059 715 1163 779 cruci
1184 713 1268 779 con·

152 818 248 881 fixus
280 823 349 898 est,
377 821 417 882 ut
438 819 650 893 destruatur
676 832 806 900 corpus
835 817 978 899 peccati
1003 821 1038 881 et
1065 817 1164 881 ultra
1191 834 1266 882 non
1288 833 1306 907 ¹⁵

153 921 357 984 seruiamus
387 925 551 1003 peccato,
582 924 614 985 et
640 920 713 985 alibi
742 921 822 1003 ipss:
852 920 944 1002 quod
974 920 1069 984 enim
1099 923 1266 985 mortuus

154 1027 210 1086 cst
227 1026 377 1104 peccato
400 1027 563 1087 mortuus
583 1026 640 1087 est
659 1023 901 1103 somelpquod
920 1027 1042 1086 antem
1060 1023 1156 1087 uiuit
1170 1021 1268 1086 uiuit

154 1125 226 1188 deo.
257 1125 397 1205 Denique
412 1125 486 1189 deus
506 1129 611 1193 noster
625 1126 790 1190 adsumens
806 1138 939 1204 carnem,
961 1125 1091 1188 formam
1105 1125 1138 1189 in
1160 1143 1194 1189 sa
1217 1125 1267 1188 dei

92 1235 131 1289 99
154 1230 186 1289 et
206 1226 338 1291 hominis
360 1227 442 1291 idest
463 1228 583 1291 diuinae
605 1228 726 1296 animae
746 1231 778 1292 st
797 1231 937 1292 terrenae
959 1227 1059 1291 carnis
1081 1223 1266 1312 adsigllnana
1294 1226 1296 1230 ’

154 1328 227 1391 dum
249 1329 339 1412 aliud
355 1348 390 1392 ex
412 1314 467 1393 his·
482 1329 599 1412 pcccati
616 1330 762 1418 ,formam
778 1330 868 1415 aliud
890 1330 1026 1393 diuinam
1048 1331 1182 1394 ostendit
1196 1347 1266 1405 csse
1281 1348 1306 1388 ro

154 1435 307 1510 naturam,
329 1431 464 1512 illudque
485 1449 585 1496 arma
603 1432 817 1513 iniqnitatis
837 1436 997 1514 peccato,
1017 1432 1074 1496 hoc
1092 1432 1266 1497 iustitiae

155 1550 253 1595 arma
266 1534 456 1598 demonstrat
470 1534 503 1598 in
518 1535 651 1598 salutem
664 1539 802 1599 nostram
821 1533 951 1598 uerbum
973 1552 1042 1598 caro
1057 1536 1167 1614 factus,
1190 1536 1266 1623 dum

154 1633 319 1699 inuisibilis
349 1637 497 1716 cernitur,
531 1637 722 1701 innascibilis
755 1637 906 1715 nascitur,
939 1636 1266 1718 inconpraehensibilis

154 1737 315 1817 adunetur,
338 1739 412 1803 dum
427 1740 554 1803 moritur
576 1740 667 1804 homo
682 1740 817 1823 resurgit
838 1744 873 1804 ut
887 1740 961 1803 deus
978 1744 1009 1803 et
1023 1759 1104 1803 nunc
1119 1741 1266 1804 tristem

78 1864 83 1877 ·
154 1838 226 1910 sibi
246 1841 402 1905 animam
417 1860 531 1923 usque
553 1842 595 1905 ad
610 1846 762 1912 mortem
784 1843 872 1922 quasi
887 1843 999 1905 timens
1015 1843 1160 1923 queritur,
1184 1860 1266 1905 nunc
1281 1856 1301 1896 1⁵

153 1943 236 2006 ultra
267 1943 434 2007 humanam
464 1943 679 2008 confidentiam
712 1963 869 2008 sessurum
902 1964 935 2008 se
964 1945 1002 2008 ad
1032 1944 1081 2008 dci
1110 1946 1265 2008 dexteram

84 2077 85 2080 ¹
154 2041 331 2130 profiteltur,
360 2064 441 2109 nunc
463 2047 575 2110 auferri
604 2047 630 2110 si
659 2046 804 2128 possibile
834 2047 875 2110 sit
903 2047 1029 2110 calicem
1051 2048 1166 2128 expetit
1194 2065 1265 2128 pas-

154 2147 258 2226 sionis,
280 2166 361 2210 nunc
376 2148 562 2212 confidenter
576 2152 735 2230 tamquam
757 2152 916 2230 acceptum
935 2149 972 2213 do
993 2152 1079 2231 patre
1096 2148 1265 2212 bibiturum

155 2268 189 2313 sa
212 2268 281 2312 eum
305 2269 372 2314 csse
395 2252 560 2330 contendit,
583 2269 664 2314 nunc
687 2250 829 2315 relictum
851 2270 884 2314 se
906 2251 938 2315 in
952 2251 1146 2334 passionibus
1169 2269 1187 2314 a
1209 2252 1264 2315 deo

154 2355 312 2432 tamquam
334 2353 425 2416 homo
441 2354 588 2434 queritur,
610 2371 692 2417 nunc
713 2352 869 2417 confitenti
883 2354 995 2418 latroni
1016 2339 1174 2434 tamquam
1189 2354 1264 2416 deus
1278 2369 1303 2408 aa

32 2517 33 2521 ,
155 2455 330 2535 paradisum
356 2451 528 2537 pellicatum
558 2456 632 2518 dnm
653 2455 734 2519 filius
764 2456 873 2519 dicitur
901 2459 933 2519 et
954 2456 1065 2537 Ioseph
1094 2460 1180 2538 pater
1202 2474 1264 2520 non
1295 2477 1297 2479 ’

55 2561 57 2565 ’
143 2560 212 2635 est,
242 2557 315 2620 dum
344 2558 424 2622 filius
446 2559 556 2622 dicitur
585 2562 616 2622 et
636 2558 737 2622 Maria
758 2560 844 2640 uirgo
875 2562 945 2623 ante
968 2563 1148 2640 conceptum
1177 2559 1264 2641 uirgo

154 2659 327 2740 concipiens
350 2665 382 2724 at
404 2661 486 2724 edita
505 2677 594 2724 carne
617 2661 738 2724 saeculo
761 2649 870 2725 datura
885 2662 1064 2725 miraculum
1087 2663 1172 2742 uirgo
1194 2665 1265 2742 post

74 2773 133 2826 100
155 2764 280 2842 partum
302 2757 312 2857 ΙΙ
326 2763 470 2843 quoniam
483 2765 562 2827 inter
576 2764 637 2827 ista
651 2767 715 2827 tam
731 2763 862 2842 diuersa,
878 2767 942 2827 tam
958 2764 1081 2827 dissona
1096 2763 1264 2826 secundum

154 2863 395 2945 intellegentiam
427 2865 580 2930 humanae
613 2868 769 2929 creaturae
801 2882 863 2929 non
895 2866 1071 2929 conueniret
1103 2865 1263 2947 uirginitas
1278 2889 1302 2928 a

154 2965 342 3045 partitudini,
365 2967 540 3033 aeternitati
562 2985 655 3047 mors,
677 2967 880 3031 adhortationi
903 2968 1079 3046 diffidentia,
1102 2967 1264 3048 trepidatio

188 3134 190 3139 ¹
257 3107 322 3163 lcf.
333 3109 354 3162 I.
368 3107 425 3174 Cor„
439 3113 463 3172 5,
475 3112 498 3164 7.
550 3110 654 3174 2Rom.
665 3112 721 3173 6,5.
732 3111 755 3165 6.
808 3110 944 3175 onemo,
956 3113 995 3167 10.
1049 3113 1077 3166 ll
1097 3110 1172 3164 Rom.
1185 3112 1208 3174 6,
1220 3113 1267 3167 13.

155 3195 187 3248 14
198 3193 293 3246 Matth.
308 3196 348 3253 26.
363 3198 408 3256 38;
424 3194 503 3248 Marc.
523 3197 562 3258 14,
578 3197 618 3250 34.
689 3194 730 3248 ad.
748 3211 774 3249 u.
792 3198 891 3251 16-19
910 3195 943 3250 cf.
955 3195 1048 3248 Matth.
1062 3197 1102 3257 26,
1115 3198 1155 3250 64.
1169 3197 1210 3250 39.
1222 3198 1263 3274 29.

104 3300 107 3304 “
133 3320 135 3323 -
155 3282 187 3334 19
204 3277 336 3347 relictum]
355 3279 600 3342 carnuntum.
652 3283 687 3335 20
704 3279 811 3348 latroni]
830 3280 863 3334 ci,
875 3279 937 3334 Luc.
950 3282 991 3343 23,
1002 3282 1043 3336 43.

255 3400 550 3463 redundationis.
564 3401 612 3483 Vl,
624 3404 671 3454 36.-
687 3399 757 3452 ultra
767 3399 909 3453 humanam
925 3391 1143 3467 intellegentiam
1158 3400 1265 3468 Vtar:

154 3482 223 3536 ultra
239 3483 368 3537 humanae
384 3485 545 3538 infirmitatis
563 3483 670 3538 modum
675 3503 682 3547 ς
700 3483 733 3538 ci.
744 3486 781 3552 X,
793 3490 820 3552 75
829 3486 883 3554 XI,
895 3489 943 3550 44,·
953 3485 1024 3552 ΧΠ,
1035 3488 1077 3539 38.
1089 3488 1129 3538 56.

198 3682 211 3735 1
232 3671 466 3768 atemptatus,
487 3680 573 3744 caan
587 3682 618 3736 18
672 3636 896 3741 attentare
958 3662 1260 3756 laudamentum,

156 3843 197 3896 Rc
209 3832 462 3901 linetpnnctisdel.
517 3837 548 3890 18
562 3842 752 3914 ΑΕΕΕῘΠΑΟ)
816 3835 1059 3913 atquaealwu
1128 3834 1162 3886 23
1181 3794 1259 3892 CARN

156 3945 222 4011 NE,
249 3948 279 3993 Ν
305 3935 341 4000 (in
359 3938 429 4000 ΑΝ)
449 3935 495 3996 liu.
517 3936 670 3988 tenuissima
696 3937 723 3987 et
747 3938 844 4004 puncto
870 3934 920 3989 del.
1006 3937 1045 3988 24-
1067 3918 1260 4013 ΙΞτΑΙῐυΑα),

102 4093 104 4096 ’
156 4097 179 4145 Α
197 4089 234 4153 tin
251 4089 324 4154 am)
340 4102 474 4154 perperam
491 4087 536 4139 lin.
555 4084 604 4138 del.
682 4091 714 4144 25
735 4045 938 4167 uhemmas,
957 4087 990 4140 ef,
1003 4065 1072 4150 83‚6
