2820 4688
535 288 699 337 trsetotu
716 284 751 338 11.
1156 273 1199 336 39

75 455 152 517 quo
173 456 263 520 quos
282 440 319 503 in
338 445 437 503 terro
457 440 626 504 deorsum
648 458 764 523 neque
786 440 905 522 (quos)
926 441 992 505 sub
1015 445 1118 524 cquis
1139 464 1198 508 ne-

74 557 152 620 que
176 559 269 623 quse
294 540 363 606 sut
388 546 496 606 terro
527 541 603 622 Quis
629 542 718 606 uellit
743 541 985 607 Noustisnorom
1010 543 1198 627 bsptismats

67 643 229 724 repetito,
261 661 333 708 cum
367 644 517 708 scribtum
546 646 604 708 sit:
639 662 711 708 ons
743 645 839 708 fides
871 663 980 708 unum
1013 645 1196 728 bsptisms

68 761 175 808 uuus
201 746 298 810 deos
329 745 466 826 Quumm
492 752 596 810 tomen
624 751 777 810 securum
803 747 1015 811 infelicitstem
1040 753 1119 810 teste
1139 748 1195 810 deo

23 856 44 894 ⁵
67 846 207 912 Christo
228 848 302 930 quis
322 866 359 911 ex
379 847 494 912 tabulis
516 849 612 932 uulgi,
635 866 696 912 non
718 867 755 912 en
775 849 882 929 ulique
901 850 1104 912 contentionis
1124 868 1196 914 oon·

64 947 198 1014 latione
212 948 441 1035 eognotnimus,
463 952 637 1033 quiscum
659 951 718 1014 his
739 951 790 1014 uel
811 951 1049 1014 contendisse
1069 969 1195 1034 powers

66 1057 141 1130 est,
154 1070 253 1116 unum
267 1051 327 1116 hoc
340 1054 474 1117 osismos
493 1053 575 1135 quod
590 1053 642 1136 qui
661 1052 722 1116 odoi
742 1057 895 1116 soctsmm
914 1070 1025 1117 nomon
1045 1055 1196 1135 inponunt

69 1153 250 1218 Christiani
268 1171 382 1219 nomon
397 1156 560 1219 mittunt:
582 1156 663 1218 intm
676 1173 754 1236 quse
777 1160 880 1218 tomen
894 1155 998 1218 omnis
1011 1155 1195 1236 Monieseos

70 1255 145 1319 ism
167 1274 229 1320 non
250 1256 417 1336 husdoos,
440 1257 495 1321 sed
516 1257 693 1321 idololstns
716 1262 748 1320 et
770 1256 924 1321 maleficos
946 1275 1050 1321 seruos
1064 1256 1143 1321 Solis
1163 1262 1196 1322 et

16 1365 51 1404 ¹⁰
73 1355 200 1437 Isunse,
227 1360 408 1424 inuictiocos
433 1360 598 1423 doemones
627 1378 698 1423 cum
728 1359 871 1422 omnibus
900 1358 1074 1423 suetonius
1103 1362 1195 1424 sectis

78 1461 220 1525 montius
251 1461 404 1526 institutis
433 1461 523 1525 lions
552 1461 727 1526 doctoribus
756 1462 974 1544 discipulisque
1003 1462 1195 1541 damnamus,

79 1564 218 1644 quiade
246 1563 296 1628 his
325 1563 475 1628 sonuum
503 1569 569 1627 est:
599 1582 678 1627 cnm
706 1564 775 1628 toli
804 1583 869 1628 nee
898 1564 1042 1645 quidem
1072 1563 1194 1627 cibum

81 1683 234 1729 sumere.
255 1665 353 1730 Nobis
374 1666 458 1730 enim
473 1665 615 1730 Christus
633 1666 709 1729 deus
724 1666 774 1729 dei
792 1665 874 1728 filius
892 1683 1003 1748 possus
1021 1666 1053 1728 in
1071 1683 1195 1728 carnem

84 1768 253 1832 secundnm
274 1767 368 1832 tidem
393 1767 525 1850 symboli
550 1767 714 1850 baptizetis
741 1773 773 1830 et
798 1767 903 1830 electis
929 1767 968 1830 ed
993 1767 1194 1830 secerdotium

39 1877 70 1918 ¹³
84 1868 116 1932 in
130 1870 255 1934 nomine
269 1871 366 1953 pomis
388 1875 419 1934 et
440 1869 485 1934 tili
507 1875 539 1933 et
560 1871 686 1952 spiritns
709 1871 808 1933 sones
830 1872 896 1933 toto
916 1868 1002 1947 tides,
1016 1866 1027 1952 Ι
1040 1872 1105 1932 tota
1119 1869 1194 1948 uite,
1215 1875 1256 1931 48

84 1975 148 2034 toto
169 1972 327 2036 semotio
349 1976 406 2036 ost

124 2073 161 2136 Iu
182 2072 242 2138 hae
260 2092 333 2158 ergo
354 2074 485 2138 usitate
506 2075 578 2138 odei
604 2080 636 2138 et
657 2076 689 2138 in
715 2074 774 2138 hoc
795 2074 993 2156 simplicitots
1017 2074 1194 2137 uiuentibus

86 2174 171 2238 nobis
193 2192 213 2238 s
234 2174 521 2260 (tsesurougustnns
542 2177 680 2258 synhodo
701 2176 854 2258 Hydstius
875 2175 964 2254 redit,
991 2175 1069 2238 nihil
1089 2179 1196 2239 contin

86 2295 138 2341 nos
151 2279 298 2358 referens,
320 2279 433 2361 qnippe
446 2297 522 2359 quos
542 2284 574 2342 ot
588 2280 653 2360 ipse
671 2280 705 2341 in
719 2278 839 2341 eclesiis
854 2277 967 2341 nostris
982 2295 1086 2341 secum
1100 2279 1195 2340 etium

57 2381 344 2444 ¹toommunioontos
366 2380 532 2444 demiserat
557 2386 589 2444 et
610 2398 686 2461 qnos
713 2397 803 2443 nemo
825 2397 882 2443 noo
907 2379 1049 2443 absentes
1071 2379 1195 2459 quidem

86 2486 280 2564 praesumpto
300 2483 495 2546 accusatione
509 2482 718 2546 damnauerat
742 2481 801 2546 Sed
816 2486 853 2545 nt
872 2481 952 2544 sciet
971 2498 1082 2545 corono
1102 2498 1196 2544 ueno-

86 2583 246 2648 rebilitstis
267 2588 354 2664 tuso,
376 2584 457 2648 unde
480 2585 747 2648 excandescentioe
770 2584 836 2646 eius
858 2584 957 2661 dolor,
983 2583 1064 2646 undo
1085 2581 1196 2646 deboc·

87 2702 155 2749 cons
169 2690 236 2750 toto
256 2686 331 2750 orbo
345 2687 439 2750 otium
454 2688 486 2750 in
501 2687 629 2751 eclesias
644 2687 728 2749 turon
742 2686 848 2749 fuerit:
870 2703 1012 2748 reuersus
1027 2704 1044 2746 e
1059 2684 1196 2765 synhodo

88 2790 116 2850 ot
131 2789 164 2851 in
185 2787 288 2852 modis
308 2789 421 2854 eclesie
442 2789 551 2852 sedens
573 2807 642 2852 reus
662 2807 681 2851 e
698 2787 875 2869 presbytero
897 2803 953 2850 suo
975 2787 1052 2850 sctis
1071 2787 1195 2849 eclesie·

59 2889 166 2954 omnis
188 2891 317 2973 petitum
341 2892 431 2955 detor
452 2893 547 2955 otiam
567 2895 639 2973 post
656 2891 661 2973 Ι
680 2891 745 2953 dies
766 2907 879 2972 pomos
894 2890 926 2952 in
941 2889 1060 2953 eclesiis
1082 2890 1194 2952 nostris

88 2992 299 3073 equitnsdnm
316 2993 441 3057 libellus
461 2998 493 3057 et
511 2994 662 3057 deteriore
681 3011 773 3074 quom
792 2993 877 3074 prius
897 2990 1126 3073 spmesbytom
1140 2990 1195 3053 ob·

87 3089 160 3158 iooto
180 3094 304 3158 fuerent
324 3093 537 3177 ohponnntur;
564 3098 728 3178 segregant
750 3112 783 3156 ss
805 3095 842 3156 do
864 3095 980 3157 clericis
1003 3094 1100 3174 ipsius
1125 3092 1195 3173 plu-

87 3193 160 3274 rimi,
180 3197 358 3279 profitentes
377 3214 439 3261 non
458 3199 518 3261 nisi
536 3202 667 3280 purgato
686 3196 835 3259 secerdoti
854 3213 889 3259 so
907 3195 1193 3259 communicaturos.

180 3365 280 3434 stopo.
298 3371 323 3428 4,
341 3369 365 3421 5.
434 3367 501 3420 det.
513 3365 636 3419 Prouerb.
650 3367 691 3427 24,
704 3367 743 3419 19.
814 3368 846 3419 12
863 3364 884 3417 Ι.
903 3364 961 3418 eor.
980 3367 1005 3426 5,
1023 3367 1062 3419 ll.

179 3504 213 3556 24
231 3498 265 3555 so
283 3503 419 3570 flotarius,
438 3503 470 3556 de
486 3503 669 3568 trin.1V,12:
688 3500 775 3554 modio
795 3501 824 3553 in
845 3501 951 3554 ecclesio
974 3509 1001 3552 et
1023 3500 1050 3552 in
1072 3516 1193 3555 consessu

86 3578 200 3648 fret-rum,
216 3584 270 3641 nid.
288 3587 367 3639 edum
385 3592 421 3641 13
437 3592 464 3639 et
484 3589 532 3654 Vl,
550 3593 574 3640 5.
592 3591 616 3640 6.

131 3742 144 3793 l
172 3746 269 3819 quoe
285 3744 355 3803 (onte
373 3742 451 3805 sub)
472 3740 546 3793 deest
565 3740 593 3792 in
615 3739 710 3801 codice,
733 3739 777 3792 ssd
796 3743 879 3792 exstat
900 3738 1054 3793 antecedens
1071 3755 1120 3792 uon
1139 3747 1194 3800 Νε

85 3845 148 3917 que
173 3840 202 3893 in
220 3857 310 3894 nemos
326 3841 380 3895 fine
451 3845 469 3896 2
494 3833 602 3908 uellit]
623 3840 734 3893 seribere
754 3835 841 3900 uelut
864 3857 915 3894 uon
937 3841 1023 3909 piscet-
1097 3846 1129 3897 10
1148 3853 1192 3900 ιΝ

86 3943 264 4010 onustos}
278 3942 452 4011 legendumne
472 3944 708 4003 tNuecttctoS‘?
809 3947 841 3999 13
860 3929 1038 4011 cedmon]
1057 3943 1111 3996 uio.
1130 3957 1194 4010 quie

84 4041 112 4094 de
127 4042 178 4097 litt.
191 4043 219 4096 m
236 4045 376 4113 parasitico
393 4046 445 4098 dixi
457 4047 485 4098 in
503 4047 671 4113 preet'ationis
689 4047 772 4113 cupito
790 4045 818 4099 ΙΙ
870 4048 903 4101 24
920 4044 948 4099 F.
961 4046 1039 4100 Locis
1056 4045 1083 4098 in
1095 4036 1193 4098 Theoi.

83 4123 321 4198 Literatuneitung'
339 4131 390 4198 (ed.
403 4131 534 4198 Hsmsck)
554 4133 626 4193 1886,
645 4130 692 4184 col.
706 4134 756 4186 395
774 4131 885 4184 coniecit
902 4128 1077 4200 ‘presbyterio'
