2820 4688
532 238 690 289 traotatus
707 234 753 289 XI.
1130 219 1191 284 105

81 389 129 453 tui
150 406 250 453 sermo
272 388 444 473 disponeret
465 393 496 454 et
517 390 713 472 unumquid
736 407 869 455 noeane
891 392 1034 456 nomine
1061 409 1137 471 suo,
1164 391 1191 455 si

83 489 266 555 sublimaret
288 497 398 570 erecte,
428 490 536 555 diuexa
556 496 706 574 uergeret,
735 508 860 574 praessa
886 495 1033 574 plenaret,
1062 494 1192 575 aperiret

83 592 278 674 campestria,
307 592 452 657 siluarum
475 597 591 676 tegeret
619 595 745 672 oooulta,
774 594 831 657 tibi
854 595 910 658 soli
938 594 976 658 ad
1005 596 1189 676 agnitionem

84 693 232 758 scientiae
245 698 317 758 tuae
332 695 481 759 raetorum
503 695 599 778 gloria
621 699 685 759 tota
705 696 885 774 concineret,
907 696 956 759 aui
977 696 1034 759 etsi
1055 695 1190 761 confiteri

58 795 118 859 aiu
144 796 308 878 loquellam
330 801 417 862 muta
438 814 498 861 non
519 802 653 879 possent,
684 802 787 861 tamen
816 797 1059 878 dispositionibus
1088 814 1191 860 rerum

83 897 214 978 loquens
234 897 312 962 ratio
334 899 571 980 omnipotentiae
592 899 802 962 testimonium
824 916 884 963 non
906 903 1038 980 negarat.
1062 896 1068 984 Ι

85 996 179 1081 lost)
194 1048 548 1065 ...............

86 1099 271 1185 buloora(7)
291 1103 492 1186 statutumff)
515 1121 608 1184 quar

87 1204 409 1269 commutationem
436 1205 505 1269 tibi

50 1301 236 1387 indignam
261 1304 427 1371 dabimus
454 1326 516 1389 pro

88 1405 279 1471 animabus
305 1409 457 1488 nostris,
480 1427 568 1473 sane-

88 1511 122 1570 ta
143 1511 237 1590 pater,
259 1511 451 1593 omnipotens

90 1609 176 1690 deus,
196 1613 250 1675 aut
271 1612 356 1695 quid
377 1616 433 1677 est
454 1614 513 1677 ho-

90 1729 146 1775 mo
166 1713 259 1794 quod
279 1733 407 1778 memor
429 1734 465 1778 ee

55 1813 168 1879 neius
189 1824 250 1879 aut
264 1813 391 1898 silius
414 1816 575 1880 hominia

90 1918 237 1999 propter
257 1917 354 2001 qood
374 1918 516 1980 eisitan

10 2038 14 2157 Ι
93 2034 182 2098 eum,
202 2018 264 2083 nisi
284 2020 363 2102 quod
384 2021 416 2084 in
438 2021 529 2102 glori·

92 2136 143 2183 am
162 2122 242 2185 tanti
263 2123 361 2204 operis
384 2124 475 2186 emis·

92 2222 120 2285 ai
140 2227 331 2305 agnoseimus
354 2224 434 2306 quia

57 2321 311 2406 ”figmentum
332 2334 437 2388 tuum
457 2348 515 2388 aa·

92 2442 170 2488 mus
190 2427 226 2489 in
248 2427 420 2510 operibus
442 2427 548 2492 bonis

91 2545 182 2608 quae
202 2531 446 2612 praeparasti,
469 2534 509 2593 ut

90 2629 227 2694 inillis
250 2631 496 2696 ambulemus?

193 2818 207 2872 1
221 2815 252 2869 of.
262 2816 305 2870 Ps.
316 2819 372 2880 146,
381 2819 409 2879 a:
421 2817 463 2870 Es,
472 2820 537 2881 sal
552 2817 584 2871 ul.
636 2823 651 2875 8
669 2836 747 2886 quiam
758 2849 789 2859 —
799 2822 829 2875 11
840 2818 944 2888 nostris]
958 2817 990 2871 of.
1000 2817 1092 2870 Matth.
1104 2819 1142 2878 16,
1152 2817 1192 2870 26.

93 2902 125 2957 18
141 2900 205 2969 quid
218 2930 249 2940 -
262 2903 294 2957 17
306 2902 377 2970 eum]
395 2901 437 2955 Ps.
447 2905 471 2965 8,
481 2906 504 2958 5.
556 2905 589 2957 20
606 2903 760 2970 figmentum
771 2934 802 2942 —
812 2907 844 2959 23
862 2904 942 2972 amb]
960 2903 1023 2971 Epir.
1037 2903 1061 2964 2,
1075 2904 1114 2956 10.

194 3085 225 3145 11
244 3089 277 3143 of.
294 3090 401 3144 Hilarii
417 3089 503 3143 loaum
521 3106 599 3157 supra
616 3090 648 3143 ad
666 3107 691 3158 p.
706 3094 790 3154 103,3
807 3091 950 3145 laudatum.

136 3280 150 3334 l
179 3268 393 3357 unumqmb]
420 3277 473 3330 uid.
503 3293 581 3345 supra
604 3293 629 3345 p.
651 3280 691 3346 77,
714 3281 730 3331 6
769 3306 772 3312 ·
831 3281 846 3332 2
875 3278 984 3331 conicias
1011 3268 1195 3355 ρΙΑΝΑῑιΕῙ

93 3383 109 3434 5
128 3363 438 3461 loqueiiaf'muta]
448 3379 645 3432 seribendumno
659 3372 833 3458 loquella?
851 3379 895 3432 sed
908 3378 960 3430 uid.
973 3393 1051 3446 supra
1061 3393 1087 3444 p.
1100 3379 1195 3439 39,13;

92 3467 133 3527 48,
150 3467 177 3526 7,
199 3467 289 3527 55,13
310 3465 342 3518 al.
420 3468 435 3518 7
458 3464 528 3516 Haeo
550 3463 642 3517 trltima
664 3465 758 3518 codicis
780 3464 876 3532 pagina
897 3464 988 3516 misere
1014 3461 1119 3515 foedata
1144 3464 1195 3522 est;

93 3549 207 3617 singulas
228 3548 309 3616 igitur
329 3548 410 3603 lineas
432 3565 546 3602 seorsum
568 3549 637 3617 typis
660 3549 867 3602 transcribendas
891 3546 1013 3600 curabam
1037 3549 1113 3613 atque
1131 3562 1196 3612 quae

93 3633 181 3687 effluxi
196 3638 330 3702 scriptura
346 3637 478 3688 inclinato
499 3634 537 3686 ita
558 3638 634 3700 rupta
652 3633 752 3687 detersa
774 3633 868 3686 detrita
886 3637 953 3694 sunt,
971 3635 1001 3684 ut
1021 3631 1137 3699 ligneum
1154 3645 1196 3683 oo·

95 3719 158 3772 diois
168 3713 383 3786 integumentum
400 3719 475 3786 plene
493 3719 528 3771 sit
545 3718 761 3775 commandatum
779 3718 895 3785 uestigiis
913 3717 1059 3770 litterarum
1075 3715 1138 3768 olim
1151 3715 1196 3767 ad-

93 3804 309 3865 baamsoeutiuu13
331 3805 409 3871 primi
430 3820 492 3856 uero
509 3820 598 3856 uorsus
616 3805 656 3871 (ε
675 3804 720 3857 lin.
739 3807 754 3858 7
772 3807 851 3856 nostr.
865 3802 915 3869 ed.)
933 3803 1061 3870 scriptura
1077 3800 1196 3853 funditus

94 3890 207 3952 euanuit,
226 3889 275 3943 nisi
288 3889 356 3956 qued
368 3890 463 3956 inipso
475 3904 565 3940 uersus
576 3887 651 3941 initio
663 3888 742 3941 fuisse
754 3887 859 3941 uidetur
872 3868 957 3948 ⁶1N⁵3
975 3885 1100 3939 Matthaei
1118 3884 1197 3936 uerba

94 3973 204 4027 ‘lucrari'
227 3978 254 4027 et
275 3973 375 4028 ‘totum'
397 3973 460 4041 (nid.
482 3973 613 4026 uersiones
635 3974 755 4039 antiquas
778 3972 811 4025 ed
832 3971 925 4025 Matth.
945 3974 983 4033 16,
997 3973 1039 4038 26)
1057 3970 1085 4022 in
1103 3968 1196 4021 oodiois

95 4059 139 4113 lin.
156 4061 173 4115 2
189 4059 269 4112 latere
287 4059 367 4113 nolim
385 4057 507 4112 hariolari
576 4061 606 4113 17
626 4051 715 4138 quod
733 4058 831 4126 soripei,
849 4056 918 4111 eod:
937 4067 1004 4135 quo
