2820 4688
542 257 705 310 trectetun
722 254 754 308 X.
982 209 985 214 ι
1151 237 1198 303 -97

83 408 296 493 etrspndistis
307 409 450 476 omnibus
461 410 710 492 quorumiinis
726 428 820 474 mors
836 411 975 474 estetiu
987 409 1096 492 quibus
1107 410 1199 475 corri-

83 511 171 594 pitur
193 511 329 592 edoctus,
350 515 451 576 totum
474 531 508 576 se
530 512 644 576 debens
667 512 732 591 deo,
756 513 855 577 fectus
877 513 942 594 ipse
964 513 1044 594 quod
1061 514 1198 595 psalmus
1329 550 1332 554 ·

85 617 137 677 est
155 612 190 678 iu
210 613 430 679 exultetiouem
447 613 618 696 psalmidici
640 615 788 678 sermonis
802 615 932 678 intraret
952 614 1070 678 dicente
1084 615 1198 678 Dauid:

84 715 191 797 deus,
211 715 385 799 repulisti
405 732 470 780 nos
493 721 529 780 et
550 716 769 796 distruristi,
791 718 908 788 iratus
923 736 960 781 es
976 721 1012 781 et
1025 718 1198 781 misertus

58 835 126 882 ses
147 812 276 882 nostri.
319 817 357 882 In
379 835 439 900 quo
461 822 566 882 temen
588 836 728 882 sermone
750 819 861 901 psalmi
881 819 963 883 nltrs
985 819 1131 882 naturalis
1152 820 1199 882 in·

83 918 283 1003 tellegentiee
304 938 431 985 sensum
446 938 534 984 mens
556 919 701 984 addeum
723 936 869 984 conuersa
883 920 1060 1002 prouehitur
1081 926 1114 984 et
1131 921 1199 985 uni·

83 1022 197 1101 cuique
209 1021 403 1106 intellegenti
425 1039 458 1086 se
473 1022 664 1103 incorruptae
686 1021 882 1086 beatitudinis
900 1041 954 1104 per
975 1023 1049 1086 hoec
1063 1020 1197 1105 cemipus

84 1123 230 1206 eperitnr.
260 1123 352 1188 Libet
373 1125 456 1188 enim
478 1124 622 1188 hocloco
643 1125 674 1187 in
696 1124 751 1188 teli
765 1141 905 1188 sermons
926 1125 1038 1206 psulmi
1052 1125 1197 1188 aduersus

84 1225 200 1290 diaboli
227 1225 401 1291 insidiantis
430 1227 559 1290 astutius
587 1225 684 1291 libera
711 1227 821 1290 salusti
852 1227 884 1289 in
914 1226 1034 1292 christo
1067 1227 1197 1291 bominis

48 1345 162 1392 nuoae
177 1328 325 1393 domm:
347 1328 409 1393 ubi
423 1331 489 1408 est,
511 1346 616 1407 mors,
639 1328 787 1392 eculeus
802 1331 911 1392 tuus?
932 1328 993 1392 ubi
1008 1333 1073 1407 est,
1093 1346 1197 1409 mors,

84 1430 244 1494 uictoris
264 1432 348 1494 tusi
381 1448 451 1495 ecce
473 1430 570 1510 deus,
593 1430 675 1494 dum
696 1430 857 1512 corripit,
880 1430 1002 1514 diligit
1024 1437 1055 1495 et
1077 1431 1198 1495 erudit

84 1531 189 1614 potius
203 1532 321 1614 peccati
339 1533 492 1615 agnitione
513 1549 606 1614 quum
627 1532 742 1614 plectit,
765 1535 805 1612 et,
827 1550 898 1597 cum
920 1533 979 1597 olis
1000 1537 1054 1598 tue
1075 1551 1136 1597 non
1158 1535 1198 1596 sit
1240 1531 1242 1534 ⁴

85 1636 206 1713 nebus,
235 1634 294 1698 nisi
322 1638 378 1699 sut
404 1634 436 1698 in
462 1634 580 1717 peccati
606 1635 689 1698 mele
710 1651 817 1717 cogere
846 1637 900 1698 eut
921 1637 991 1717 post
1018 1654 1196 1717 percussum

85 1738 210 1819 ceptum
232 1753 351 1801 ueneno
369 1737 402 1805 in
424 1754 461 1801 es
481 1754 559 1817 quae
573 1738 639 1819 ipse
660 1738 846 1819 persuaseris
861 1755 1054 1821 perunguere,
1077 1736 1197 1803 Christo

50 1837 214 1902 edocente
235 1839 447 1922 cognoscimus
474 1839 555 1921 quod
583 1838 728 1921 baptizoti
752 1839 785 1902 in
807 1838 937 1918 Christo,
957 1837 968 1924 ΙΙ
988 1856 1060 1903 cum
1086 1839 1119 1903 in
1147 1839 1194 1903 his
1220 1853 1278 1908 183

88 1943 263 2022 quaesunt
290 1941 348 2004 oleo
369 1940 469 2004 alione
494 1941 680 2020 distruimur,
708 1942 740 2003 in
763 1959 798 2005 ee
820 1959 896 2022 quse
918 1943 991 2011 sunt
1019 1941 1106 2005 nobis
1128 1959 1197 2024 pro-

10 2026 13 2037 ’
86 2041 155 2124 pris
173 2042 415 2107 reformemur
436 2046 468 2107 ot
482 2042 562 2124 quod
576 2060 689 2123 usque
703 2043 746 2106 ed
761 2043 874 2107 linem
888 2043 1084 2125 peccantibus
1098 2061 1197 2126 poene

79 2145 137 2207 -est
150 2145 183 2207 et
199 2144 354 2209 conuersis
376 2143 464 2208 nobis
486 2145 518 2208 iu
536 2144 758 2228 redarguitione
780 2144 916 2210 doctdne
937 2149 994 2223 est,
1015 2145 1081 2227 ipso
1096 2145 1196 2209 Dauid

87 2245 221 2311 dconw
243 2247 324 2327 quis
345 2247 479 2311 similis
501 2247 579 2326 tibi,
602 2248 764 2312 domine?
786 2248 869 2328 quie
890 2248 1089 2312 ostendisti
1109 2249 1197 2312 mihi

52 2346 348 2413 ntribuletiones
378 2351 415 2413 et
439 2365 654 2414 conuersum
675 2349 871 2413 nidificans
893 2350 1050 2414 docuisti
1071 2369 1135 2429 me,
1165 2356 1197 2415 et

85 2449 199 2514 iterum
224 2449 330 2515 liedes
359 2451 416 2515 uit:
447 2450 599 2530 domiue,
628 2452 663 2515 in
692 2456 794 2516 utero
823 2445 1027 2535 occepimus
1057 2458 1092 2517 et
1117 2472 1197 2536 pur·

87 2550 282 2616 turiuimns
301 2553 472 2634 spiritum
493 2553 626 2617 salutis
648 2572 751 2635 quern
773 2553 907 2619 dedisti
927 2572 1035 2637 super
1050 2537 1194 2625 terramss

86 2650 124 2716 Iu
146 2669 206 2733 quo
227 2654 368 2734 quemuis
391 2670 446 2719 uos
465 2655 524 2737 ipsi
538 2655 702 2737 probemus
716 2655 749 2719 in
763 2655 860 2734 nobis,
880 2656 977 2737 qualis
1000 2675 1067 2720 esse
1083 2653 1087 2742 1
1104 2657 1195 2720 bomo

86 2753 198 2819 debent
218 2755 323 2835 quiin
345 2773 458 2819 nouem
479 2756 672 2820 natiuitatem
696 2776 759 2839 per
780 2757 890 2820 iidem
911 2757 1039 2822 uiuens
1069 2776 1194 2823 sensum

50 2870 176 2937 senum
191 2856 231 2919 ed
249 2873 286 2920 es
306 2864 384 2939 quse
399 2858 448 2922 dei
469 2857 659 2923 substantioe
675 2863 747 2924 sunt
768 2860 860 2941 digno
874 2858 1057 2938 moderetur,
1079 2863 1193 2938 temen,

85 2947 121 3021 nt
142 2958 362 3048 scribturnrum
384 2960 599 3043 dispositioni
624 2954 865 3043 intellegentiam
886 2965 1022 3026 nostrum
1044 2961 1193 3025 lectorum

84 3060 234 3143 exemplis
244 3063 403 3143 umquem
416 3063 598 3144 incorruptis
612 3063 792 3128 testimoniis
807 3066 943 3127 uteretur
959 3066 990 3127 et
1003 3063 1191 3127 ceritatem

85 3161 144 3225 dei
164 3164 419 3228 commendans
440 3165 478 3229 in
492 3164 597 3229 nobis
612 3169 840 3248 conpugnantes
855 3183 958 3229 rerum
973 3165 1148 3234 monadum
1162 3167 1194 3228 in

187 3388 431 3454 lossensem.
486 3391 653 3457 illem.
710 3396 743 3470 10
759 3392 959 3457 1.cor.15‚55.
1015 3395 1046 3449 ll
1065 3393 1140 3462 deus]
1158 3393 1192 3448 ci.

83 3472 164 3528 Hebr.
177 3475 218 3537 12,
229 3475 253 3530 d.
267 3477 306 3532 10.
359 3477 391 3531 17
408 3476 441 3530 cf.
454 3476 475 3531 I.
485 3475 545 3546 Cor.
560 3480 582 3541 1,
594 3480 618 3534 8.
632 3479 676 3540 283
695 3477 751 3534 Gal.
763 3481 787 3542 2,
801 3481 845 3540 18;
861 3479 904 3533 Ps.
922 3482 962 3559 59Ἰ
977 3482 999 3535 1.
1052 3481 1084 3535 19
1095 3478 1139 3533 Ps.
1151 3481 1193 3542 to,

85 3559 126 3613 19.
138 3559 179 3614 20.
193 3561 233 3616 17.
284 3559 497 3624 ortensis
535 3561 619 3617 leof.
631 3561 706 3649 Rom.
720 3567 743 3627 l,
756 3566 788 3619 l'l
805 3562 838 3617 ul.
889 3565 922 3618 st
940 3562 973 3617 cf.
985 3562 1060 3618 Rom.
1072 3565 1097 3628 5,
1109 3567 1133 3621 8.

186 3756 203 3810 b
220 3753 292 3809 ultre
307 3758 360 3810 nst
379 3756 427 3810 int.
445 3756 523 3826 sens]
540 3755 574 3828 cl.
585 3757 692 3812 Helucii
708 3757 779 3813 locos
796 3759 830 3812 cd
846 3775 873 3828 p.
886 3762 926 3822 74,
941 3763 973 3816 16
990 3759 1090 3818 allatos.

126 3978 345 4052 sesr,t.eres.
425 3969 695 4041 subsistentes
772 3983 802 4036 11
823 3939 953 4066 co'ieoprr
1029 3974 1192 4046 1s'retnu

86 4066 601 4157 corrrorole,erotuetnne.,n(in
611 4082 955 4157 mnetdnetpunctoder
991 4088 1194 4174 donceres,
1309 4144 1311 4147 .

134 4194 314 4240 xrmueeu.
1027 4191 1040 4239 r
1120 4233 1125 4239 ,.
