2820 4688
523 243 684 295 traebatus
701 241 723 294 1.
1129 224 1169 287 33

81 400 106 458 et
123 395 276 478 apostolus
295 395 372 460 nulli
392 395 536 476 loquendi
558 396 595 460 da
614 396 670 460 deo
685 397 743 459 iter
765 396 908 459 claudens
923 413 993 459 oum
1015 396 1052 458 ad
1067 394 1170 476 plebes

80 495 182 576 quibus
200 493 413 581 proeiidieaboo
432 495 589 561 scriberet:
613 498 779 580 potestis,
798 498 912 577 inquid,
935 497 1074 578 singuli
1096 496 1170 576 qni·
1193 507 1231 561 40

79 599 344 681 quoprofetare,
368 601 543 663 utomnes
565 600 710 662 discant
732 602 903 662 etomnes
926 597 1170 676 exhortentur,

80 699 124 762 sed
145 703 177 763 ot
191 699 278 763 alibi:
301 700 456 781 spiritns
478 701 702 783 profetarum
723 700 876 782 profetis
899 698 1055 763 snbieoti
1077 702 1170 777 sunt,

60 804 109 863 rut
132 802 184 882 qni
211 800 265 865 deo
288 800 410 866 Christo
435 802 569 866 erederet
595 802 765 885 profetandi
792 803 828 865 de
854 802 909 864 deo
932 801 1170 883 desperationem

79 902 160 967 ineo
182 903 262 984 qnod
283 903 425 967 omnibus
448 905 510 968 suis
532 905 713 987 promiserat
734 922 794 967 non
816 902 949 966 haberet.

114 1004 152 1068 iit
166 1004 243 1084 ideo,
265 1003 435 1069 beatissimi
451 1005 631 1085 sacerdotes,
654 1006 680 1069 si
695 1005 895 1083 satisfactum,
918 1005 1069 1069 damnatis
1084 1005 1170 1067 bere-

79 1105 156 1169 sibus
178 1110 210 1170 et
231 1105 423 1189 dogmatibus
447 1111 477 1170 et
491 1106 562 1170 fidei
584 1107 721 1189 expedita
743 1107 940 1186 obseratione,
962 1111 993 1170 ot
1007 1107 1061 1170 deo
1082 1111 1171 1188 puta-

78 1207 112 1269 tis
144 1206 302 1286 danobis,
329 1207 436 1272 dantes
466 1209 676 1272 testimonium
701 1208 823 1272 ueritati
855 1208 970 1271 inuidia
999 1225 1053 1271 nos
1082 1207 1170 1271 mali·

49 1323 69 1363 o
80 1309 159 1372 nolae
174 1307 404 1374 obtreotationis
426 1308 575 1373 absoluite
590 1314 621 1373 et
639 1310 803 1375 reserentes
822 1310 860 1372 od
879 1309 987 1372 fratres
1003 1312 1119 1373 nestros
1134 1327 1170 1372 ea
1221 1382 1223 1386 ⁸

79 1427 148 1490 qnae
167 1410 384 1475 maledioornm
403 1415 476 1475 sunt
493 1410 594 1474 uerbis
610 1416 719 1475 uexata
741 1414 854 1490 sanate,
874 1409 878 1494 i
898 1411 1041 1492 quoniam
1054 1410 1169 1474 fruetus

78 1511 152 1574 nitae
174 1514 222 1576 est
242 1511 363 1595 probari
384 1512 422 1575 ab
444 1513 493 1576 his
512 1513 565 1594 qni
586 1513 677 1576 fidem
699 1514 763 1576 ueri
785 1516 941 1594 expetunt,
964 1530 1025 1576 non
1046 1513 1098 1594 qui
1112 1511 1168 1574 snb
1212 1541 1213 1545 ¹
1276 1519 1278 1525 '

78 1613 193 1677 nomine
211 1613 425 1696 religiosorum
447 1613 628 1679 domesticas
650 1614 824 1677 inimicitias
846 1618 1075 1696 persequuntm:
1217 1601 1219 1606 ’

170 1797 225 1854 21.
243 1797 300 1854 cor.
321 1802 359 1860 14.
378 1801 418 1853 31.
445 1831 447 1835 -
486 1799 582 1854 4111111.
601 1816 625 1852 u.
644 1802 683 1855 32.

172 1970 204 2024 la
221 1968 350 2024 Faustini
362 1970 449 2037 presb.
461 1970 525 2036 fidos
543 1968 639 2036 (Migne
658 1971 697 2030 13,
710 1971 764 2034 791
782 1968 825 2036 qui
845 1967 892 2020 sub
910 1968 1013 2042 nomine
1030 1953 1169 2023 ostholioao
1299 2047 1301 2050 y
1334 2004 1336 2010 ι

77 2051 130 2104 idei
142 2052 229 2121 impia
245 2051 325 2107 uerba
342 2052 491 2106 defendrmt.
1345 2067 1349 2074 '

113 2240 130 2294 e
151 2231 409 2306 asserendae]
441 2238 474 2293 er.
501 2240 597 2294 erem
625 2224 647 2293 ry
672 2239 717 2293 ne.
744 2239 802 2293 nex.
828 2239 867 2292 eo.
889 2237 1006 2292 wonffin
1031 2239 1084 2301 nr,
1111 2242 1168 2294 aaa.

79 2351 324 2466 elmaibooiae,
345 2391 416 2458 eon
436 2384 477 2458 ιε)
492 2391 537 2444 on.
557 2391 605 2445 del.
637 2463 639 2467 Ι
680 2393 711 2446 10
729 2336 915 2468 sosoma&
935 2393 1023 2444 emona
1039 2402 1169 2458 asaper-

22 2491 178 2560 ascopa?
246 2494 366 2552 12111111
438 2495 470 2548 13
492 2494 552 2559 post
568 2490 771 2560 ‘persequuntur‘
788 2493 851 2546 haee
873 2492 1027 2560 subsoriptio
1046 2492 1169 2544 occurrit:

106 2595 279 2656 ammom
300 2576 464 2658 melma*
484 2597 602 2655 arana
623 2576 862 2656 nonanoeane*
883 2574 1144 2678 anisson'oniu
1237 2676 1243 2681 ‚
