2820 4688
139 203 183 269 48
592 219 796 278 Priscilliuni

139 377 267 440 eruditio
295 376 365 438 fidei
394 376 495 454 luerit,
525 376 578 448 sed
607 375 779 456 musoipula
808 374 935 456 decepti.
956 371 1059 457 {Nam
1081 378 1112 437 et
1137 360 1242 438 rursus

139 478 171 540 iu
186 478 342 561 euangelio
358 480 426 540 eata
440 477 615 540 Mattheum
631 481 751 540 tenetur
766 467 937 539 scribtum}
955 494 1107 558 surgens
1123 480 1244 539 autem

85 599 87 603 ¹
138 579 270 660 Ioseph
292 580 432 660 aooepit
453 597 602 661 puerum
625 583 660 642 et
681 582 833 640 matrem
856 578 933 640 eius
955 582 1063 642 nootu
1085 582 1121 641 et
1149 576 1244 641 abiit

138 681 174 743 i'n
196 681 400 764 Aegyptum
430 684 465 744 et
493 684 571 743 erat
599 679 650 743 ibi
679 699 792 761 usque
819 681 859 743 ad
891 679 1243 759 consummationem

136 783 305 863 Herodis,
335 788 374 846 ut
403 784 653 865 adinpleretur
683 783 774 863 quod
806 783 942 845 dietum
973 785 1028 845 est
1054 799 1073 844 a
1099 781 1269 845 dominor

137 904 201 967 per
232 887 411 967 profetam
444 886 639 948 dicentem:
674 887 723 954 ‘er
755 884 922 967 Aegypto
955 885 1084 947 uooaui
1121 884 1243 947 filiurn

137 990 272 1050 meum?
296 986 369 1065 Quis
392 991 439 1050 est
460 987 519 1049 iste
540 988 667 1069 profeta,
691 1005 783 1067 quem
804 986 836 1050 in
858 1003 1006 1050 canonem
1025 1001 1086 1048 non
1099 985 1242 1068 legimus

137 1090 223 1151 ouius
252 1090 399 1171 profetiae
427 1088 519 1152 tidem
541 1090 626 1152 uelut
654 1088 824 1152 fideiiussor
853 1088 996 1170 promissi
1024 1087 1159 1151 muneris
1188 1087 1242 1151 (lo-

136 1191 239 1254 minus
267 1191 415 1272 inpleuit?
452 1190 540 1253 Certe
569 1210 630 1254 non
659 1191 778 1254 modica
806 1189 927 1253 indulti*
942 1189 1040 1271 operis
1061 1189 1241 1272 magnitudo

137 1296 184 1355 est
205 1310 367 1375 passurum
386 1294 476 1355 ‹leum
492 1293 612 1354 eredere
628 1296 658 1354 et
673 1292 856 1355 testimoniis
871 1292 1046 1373 prophetiae
1060 1294 1219 1372 tamquam
1230 1288 1240 1375 ll
1253 1307 1279 1346 ιο

76 1401 114 1455 aa
137 1393 247 1477 (uiam)
269 1394 364 1457 diuini
385 1395 501 1457 itineris
523 1388 712 1476 praeparare,
734 1395 771 1456 de
793 1412 853 1474 qua
875 1394 1031 1457 deuertere
1046 1393 1119 1457 deus
1134 1392 1240 1471 nollet,

20 1553 23 1558 .
135 1500 171 1559 ut
191 1497 328 1560 locutum
350 1515 382 1558 se
403 1497 436 1560 in
458 1515 492 1560 eo
517 1497 569 1577 qui
587 1497 792 1578 proletauerat
814 1496 1025 1577 eonprobaret;
1051 1498 1132 1559 serto
1154 1495 1240 1559 darn·

137 1599 203 1661 nari
230 1597 308 1661 liber
330 1615 391 1661 non
412 1601 514 1683 potest
535 1599 622 1661 euius
644 1598 855 1661 testimonium
877 1598 1043 1661 eanonieae
1060 1597 1239 1686 elocutionis

135 1699 228 1762 fidem
249 1699 379 1781 conplet,
402 1712 458 1763 neo
479 1704 580 1782 potest
601 1703 759 1780 tamquam
778 1700 858 1762 inter
871 1699 1049 1784 aepularum
1063 1699 1239 1762 mortalium

57 1881 59 1883 ι
135 1802 309 1865 uoluntates
325 1801 407 1864 aliud
423 1802 492 1885 eligi
508 1806 540 1865 et
555 1786 636 1870 aliud
650 1801 812 1883 repudiari,
827 1819 883 1864 nee
899 1801 936 1864 de
947 1800 1088 1874 sofistiois
1099 1802 1238 1883 quaestio
1251 1815 1277 1855 1⁶

136 1907 191 1982 est,
221 1902 273 1966 ubi
295 1904 374 1984 quod
406 1904 472 1984 quis
496 1903 699 1984 adsumpserit
721 1903 857 1983 sequitur
879 1905 919 1981 et,
948 1903 1021 1965 dum
1045 1903 1239 1966 maleetioum

135 2005 324 2088 ingeniorum
340 2023 415 2088 opus
430 2006 547 2086 uolunt,
571 2008 669 2068 saetas
692 2005 729 2068 de
743 2004 937 2086 persuasione
960 2004 1106 2068 feserunt.
1137 2003 1239 2068 Sorib·

134 2111 204 2171 tura
232 2108 280 2170 dei
304 2125 353 2169 res
376 2107 480 2185 solida,
511 2126 560 2170 res
589 2117 663 2170 uera
684 2111 731 2170 est
752 2124 808 2170 nee
830 2106 868 2169 ab
897 2106 1020 2170 homine
1049 2106 1154 2185 eleeto,
1184 2107 1239 2170 sed

85 2264 87 2268 .
134 2209 250 2271 homini
280 2209 317 2271 (le
346 2209 401 2272 deo
434 2209 556 2291 tradita,
586 2210 671 2272 ouius
702 2209 733 2272 si
762 2207 934 2272 dilibatio
963 2211 1090 2272 saneta
1118 2211 1174 2271 est
1203 2212 1239 2272 et

135 2327 253 2373 massa
278 2313 385 2373 saneta
410 2314 465 2373 est.
491 2312 495 2388 Ι
516 2311 593 2379 Inde
619 2311 748 2392 denique
777 2310 903 2389 heresis,
933 2311 1007 2372 dum
1032 2309 1156 2392 singuli
1171 2310 1276 2391 qui-²⁰

134 2429 193 2491 que
214 2411 412 2494 ingeniosae
434 2413 535 2493 potius
558 2430 649 2493 quarn
671 2413 727 2476 deo
749 2412 887 2476 seruiunt
907 2415 939 2475 et
960 2429 1021 2475 non
1047 2411 1133 2492 sequi
1155 2427 1238 2494 syrn-

88 2540 91 2544 ’
133 2510 248 2588 bolum,
278 2514 330 2577 sed
360 2514 397 2576 de
426 2513 563 2595 symbolo
592 2515 747 2597 disputare
776 2515 950 2601 disponunt,
980 2532 1060 2592 oum,
1089 2505 1119 2577 si'
1144 2512 1252 2577 fidem·

135 2606 376 2693 reseruemus
397 2615 569 2697 symbolum
590 2617 634 2680 nil
656 2619 804 2680 tenerent.
831 2614 1007 2698 Symbolum
1030 2615 1111 2682 enim
1133 2615 1237 2698 signa-

235 2801 361 2856 austra.
374 2805 398 2865 2,
412 2804 451 2856 14.
466 2806 504 2857 15.
541 2837 542 2840 =
582 2805 597 2856 7
615 2803 651 2856 At
667 2802 720 2854 uid.
738 2801 800 2855 Hos.
814 2805 853 2864 ll,
867 2805 890 2865 1,
908 2802 941 2855 au
958 2816 1035 2869 quern
1052 2801 1138 2855 losum
1155 2798 1236 2855 Saba-

133 2886 215 2939 tarius
225 2885 288 2938 haee
300 2886 459 2954 Hieronymi
477 2886 552 2939 affert
569 2887 728 2941 testimonia:
747 2886 772 2954 a)
789 2904 877 2942 eonem
890 2888 922 2940 im
932 2887 998 2942 Hos.
1010 2890 1052 2954 11,
1063 2890 1079 2940 1
1092 2885 1134 2952 (=
1146 2885 1237 2954 migne

134 2973 174 3033 25,
192 2970 237 3023 eol.
255 2970 337 3041 915):¹
353 2969 523 3039 Septuaginta
548 2972 740 3025 transtulerunt
761 2970 798 3024 ‘ex
820 2971 937 3040 Aegypto
959 2971 1051 3024 uooaui
1073 2970 1142 3026 filios
1162 2970 1237 3036 εἰμι’,

134 3055 202 3122 qnod
223 3055 252 3106 in
267 3054 395 3108 Hebruieo
417 3070 469 3108 uon
490 3055 602 3124 habetur
623 3056 739 3123 nullique
761 3055 870 3109 dubium
891 3058 932 3109 ost
948 3055 1111 3109 Hstthaoum
1133 3054 1165 3108 ds
1186 3055 1237 3109 boe

132 3139 188 3192 looo
209 3140 347 3208 sumpsisse
368 3140 547 3194 testimonium
568 3142 639 3194 iuxta
659 3140 814 3194 Hebraioam
835 3141 972 3194 ueritatem
993 3157 1014 3194 o.
1027 3155 1051 3207 q.
1063 3157 1083 3194 s.
1102 3169 1134 3179 -
1156 3139 1183 3208 b)
1204 3141 1237 3196 do

132 3231 185 3293 opt.
197 3241 253 3293 pan.
265 3226 374 3293 interpr.
393 3225 434 3293 (=
453 3243 492 3294 ep.
505 3229 538 3279 57
555 3227 592 3279 ari
603 3227 763 3292 Pammaob„
780 3225 869 3293 Migne
886 3228 926 3288 22,
939 3225 986 3279 ool.
999 3225 1069 3293 bibl:
1086 3225 1136 3279 boe
1152 3225 1236 3279 nostri

133 3309 233 3363 eodiees
250 3325 303 3362 non
318 3309 422 3373 habent,
441 3309 485 3362 sed
503 3311 531 3363 iu
548 3309 612 3364 Osee
633 3311 704 3363 iuxta
720 3309 875 3366 Hebraioarn
896 3310 1018 3364 scribitur
1034 3309 1169 3365 ueritatem
1189 3351 1234 3364 ...

133 3393 171 3445 ‘ex
188 3394 305 3462 Aegypto
323 3395 413 3447 uoeaui
435 3394 519 3449 filium
538 3395 631 3450 meum'
649 3411 671 3448 s.
683 3410 707 3462 q.
719 3411 752 3457 s.;
776 3394 808 3449 ef.
826 3396 906 3449 otium
922 3392 1091 3466 Hieronymi
1098 3397 1187 3464 praef.
1204 3397 1237 3451 irs

133 3477 256 3532 Esdram.
326 3481 357 3533 19
374 3479 449 3532 Rern.
462 3482 503 3542 11,
516 3481 555 3535 le.

296 3606 300 3647 Ι

166 3703 190 3786 Ἰ6
209 3663 344 3778 υοίΑΙὲΙ,
364 3710 383 3759 ὅ
400 3701 503 3756 lindol
590 3702 828 3768 lesmorosm]
845 3701 882 3754 ita
899 3702 987 3763 eodem
1005 3701 1038 3756 of.
1050 3675 1180 3770 suprsbtl,
1194 3706 1233 3758 13.
1266 3756 1269 3762 ,

132 3787 348 3869 9mobtcam]
367 3802 483 3856 abundat
503 3803 554 3856 litt.
573 3803 608 3866 Μ,
630 3803 683 3857 uid.
705 3802 784 3871 praef.
805 3785 860 3871 eap.
877 3803 914 3857 H.
1023 3806 1054 3858 10
1075 3807 1134 3872 post
1155 3799 1234 3862 tam

93 3942 95 3946 »
133 3913 242 3984 quam
261 3907 460 3965 resumeretur
473 3888 555 3963 bru?
609 3909 638 3980 11
659 3903 980 3962 ursmdoestineouiss
1044 3908 1076 3959 15
1094 3913 1233 3985 questro

133 4057 164 4110 18
187 4013 439 4131 sommium,
464 4068 475 4116 r
501 4068 556 4114 err
581 4073 645 4110 corr.
692 4112 694 4116 ,
743 3996 987 4122 rubeomonte
1014 4134 1017 4142 Ι
