2820 4688
101 245 143 312 76
553 263 757 318 Priscilliaui

103 419 335 501 depraehendat,
358 421 429 501 quid
451 420 488 483 ad
511 419 723 483 distruendum
744 436 820 503 opus
843 419 949 483 mundi
970 420 1118 502 castigato
1144 437 1210 509 oon-

102 539 174 602 pore
203 522 234 585 in
257 541 377 586 crucem
406 522 458 604 figi
480 520 654 604 (oporteat),
676 520 750 602 qnid
778 519 1000 584 inmaculatum
1028 521 1060 585 in
1090 540 1123 585 se
1152 521 1210 586 deo

103 622 205 702 tribui,
229 624 309 704 quid,
327 625 396 704 quia
412 625 574 687 diuinum
593 623 737 687 habitat
758 623 794 686 in
817 622 929 702 nobis,
952 623 1130 704 inpassibile
1145 623 1212 688 serss-

103 726 178 804 uari,
201 731 244 804 ut,
268 728 346 789 sicut
361 726 608 807 supradiximus,
631 743 754 806 corpore
771 724 873 786 anima
896 728 926 787 et
949 725 1056 806 spiritu
1078 725 1207 789 triformi

102 828 134 891 in
157 828 212 892 deo
242 846 332 910 opere
354 828 479 910 perlecti
509 828 719 908 adinpleamus
742 827 821 907 quod
851 826 998 890 scribtum
1021 830 1068 891 est
1090 827 1209 892 dicente
1234 846 1249 882 e

15 937 80 991 --102
103 929 212 1000 Paulo:
235 930 330 993 sicut
345 929 564 993 exhibuistis
581 928 740 991 membra
762 932 886 991 uestra
900 929 1040 992 seruire
1053 927 1209 1013 inllmun·
1222 997 1229 1008 ‚y

103 1031 220 1095 ditiae‘
232 1032 273 1094 ad
288 1032 533 1112 iniquitatem,
548 1031 600 1093 ita
615 1033 708 1092 nunc
724 1029 896 1093 exhibete
910 1029 1071 1094 membra
1085 1035 1211 1095 uestra
1237 1039 1239 1044 ’

105 1135 242 1197 seruire
264 1134 430 1198 institiae
451 1134 487 1197 in
509 1132 857 1211 sanctificationem,
880 1133 1050 1213 quoniam
1071 1134 1210 1217 stipen-

105 1237 161 1307 dia
189 1236 329 1318 peccati
360 1239 543 1313 moreest,
572 1235 692 1317 gratia
719 1238 839 1298 autem
868 1234 925 1298 dei
954 1235 1031 1298 uita
1059 1239 1211 1301 aeterna

104 1340 140 1402 in
163 1338 307 1403 Christo
328 1339 411 1402 Iesu
434 1338 579 1401 domino.
599 1340 731 1400 nostro.
1224 1353 1250 1392 ro

60 1509 65 1517 ,
146 1439 185 1503 Et
212 1440 279 1504 ideo
308 1441 460 1504 intuentes
482 1440 512 1503 in
535 1438 621 1504 uobis
643 1440 753 1518 omnia,
784 1440 924 1519 quamuis
953 1441 1209 1522 dispensationem

105 1541 305 1612 mundialium
333 1560 434 1605 rerum
458 1542 602 1605 alterutro
624 1545 750 1604 naturae
781 1559 853 1604 snae
875 1544 961 1606 motu
984 1543 1117 1624 speciosa
1138 1560 1210 1607 oon-

105 1644 228 1706 mendet
246 1644 388 1725 operatio,
410 1647 524 1723 tamen,
547 1643 618 1726 quia
632 1643 724 1707 totius
744 1645 898 1706 creaturae
913 1662 1037 1706 sensum
1051 1645 1142 1726 longe
1157 1664 1211 1709 ne·

105 1745 188 1808 cosso
211 1746 317 1809 estad
338 1745 466 1829 gloriam
488 1745 648 1827 praecedat
669 1748 817 1825 operator,
840 1745 947 1808 scitote
970 1746 1041 1826 quia
1061 1746 1137 1810 nilril
1155 1744 1209 1832 inl

105 1848 278 1911 huiusmodi
299 1866 352 1930 pro
375 1867 408 1911 se
430 1848 504 1911 deus
520 1848 631 1930 aeguit,
647 1846 953 1927 sed,quiahomine
968 1847 1118 1930 decepto
1133 1849 1250 1912 diui-15

105 1968 214 2015 norum
226 1968 351 2031 operum
363 1951 533 2031 simplicem
548 1949 774 2031 dispositionem
790 1949 855 2012 loco
869 1945 1005 2030 tempore
1021 1968 1147 2013 numero
1162 1951 1211 2014 die

106 2070 211 2114 mense
229 2052 344 2115 ratione
367 2053 495 2115 diuisam
518 2051 714 2115 daemoniaca
727 2051 877 2114 idolorum
898 2054 1006 2114 natura
1025 2052 1211 2132 confuderat,

106 2153 1211 2225 dumincertorumdeorumfamiliasintrodnoensincommunicabile

107 2255 164 2320 dei
186 2273 314 2320 nornen
329 2256 434 2320 diebus
450 2256 605 2319 mensibus
621 2255 780 2337 pecoribus
796 2254 968 2334 uolneribus
983 2254 1096 2336 lignis
1113 2259 1149 2319 et
1162 2256 1211 2318 la-

106 2357 251 2438 pidibus
273 2357 418 2421 adscribit
439 2362 588 2438 eratque
611 2359 672 2422 tale
693 2357 763 2421 fidei
781 2357 931 2436 bellum,
953 2360 988 2419 nt
1008 2357 1113 2420 relicto
1133 2359 1211 2434 tanti
1224 2379 1250 2418 eo

26 2464 85 2519 103
108 2459 241 2523 muneris
257 2459 312 2523 deo
327 2477 483 2541 corporeas
499 2462 653 2523 creaturae
668 2458 945 2542 conspicabilesque
955 2458 1069 2522 formas
1080 2459 1112 2521 in
1124 2455 1212 2543 aelle·

108 2562 218 2624 mentis
233 2562 360 2634 terrenis
376 2566 406 2624 et
421 2562 603 2625 caelestibus
617 2562 786 2640 adorarent,
808 2561 925 2635 dicente
940 2561 976 2624 de
998 2561 1045 2632 his
1061 2563 1210 2642 apostolo:

108 2666 335 2726 euanuerunt
348 2664 384 2725 in
399 2662 684 2747 cogitationibus
704 2663 779 2727 suis
795 2665 830 2727 et
845 2661 1076 2726 obscuratum
1093 2667 1147 2726 est
1161 2664 1211 2726 in·

109 2765 245 2846 sipiens
268 2782 327 2826 cor
342 2783 463 2828 eorum
479 2769 515 2828 et
528 2769 847 2828 commutauernnt
861 2764 1012 2846 gloriam
1027 2765 1211 2847 incorrup-

109 2867 228 2930 tibilis
250 2867 307 2929 dci
329 2866 364 2929 in
386 2867 668 2931 similitudinem
687 2868 857 2950 imaginis
880 2866 1132 2948 corruptibilis
1154 2868 1249 2931 ho-es

109 2968 216 3032 minis
233 2972 267 3031 et
281 2968 469 3032 uolucrum
484 2973 519 3033 et
533 2970 794 3052 quadripedum
809 2974 844 3033 et
858 2969 1092 3051 serpentium,
1108 2988 1212 3034 neces-

109 3071 188 3134 sario
218 3071 291 3133 deus
321 3075 423 3134 noster
451 3072 609 3153 religiosae
632 3073 800 3135 sentcntiae
822 3073 947 3135 modurn
968 3075 1152 3153 temperans,
1178 3077 1213 3136 nt

211 3195 560 3258 carlomannum.
575 3199 596 3259 1,
611 3197 686 3252 leel.
756 3197 1007 3259 onom.o,19.23‚
1062 3195 1096 3249 ad
1115 3199 1213 3253 15-20

110 3279 143 3333 cf.
156 3279 215 3348 Sap.
229 3284 267 3342 14,
280 3283 320 3335 21.
333 3284 373 3334 22.
442 3283 475 3335 23
488 3281 560 3334 Rom.
576 3284 597 3344 1,
611 3285 650 3336 21.
663 3284 703 3336 23.

211 3391 242 3444 27
265 3391 398 3458 Hadaran,
421 3392 452 3445 dc
474 3392 535 3445 trin.
559 3393 601 3445 lib.
620 3393 681 3458 I,c.
698 3395 746 3445 20.-
766 3391 803 3444 ita
825 3393 905 3445 totius
923 3392 1006 3460 operis
1023 3390 1131 3445 modum
1148 3396 1214 3445 tcm-

110 3475 268 3542 perauimns3
287 3475 396 3528 arduum
413 3475 463 3528 hoc
480 3475 671 3542 intellegentiae
689 3476 739 3528 iter
756 3476 822 3529 oliuo
841 3476 1215 3545 quasi.molliorclcniuimus;

112 3557 144 3612 cf.
161 3559 231 3612 infra
248 3575 272 3626 p.
287 3563 343 3622 100,
356 3563 378 3615 9.

155 3682 168 3733 1
189 3668 483 3765 bqpnpeberobat
559 3683 761 3760 aopontenr
774 3680 928 3757 dustanus
947 3664 1013 3762 pict
1025 3681 1217 3735 senatusue

112 3835 128 3888 9
145 3792 335 3909 Decebtkpx
352 3833 389 3897 (in
407 3835 457 3897 ῐΑ)
478 3833 523 3887 liu.
546 3837 573 3887 et
593 3836 689 3901 puncto
712 3833 770 3896 del,
785 3834 873 3896 >otoo,
887 3837 919 3889 15
992 3837 1023 3890 12
1041 3818 1212 3895 combutta

114 3942 202 4058 bedu,
218 3993 253 4041 cn
267 3984 302 4049 (in
317 3974 527 4045 bemineru.
584 3987 616 4040 re
634 3989 689 4039 arat
705 3995 866 4047 nouercae
933 3990 966 4042 aa
985 3947 1216 4048 condendae

113 4087 147 4139 24
166 4079 464 4168 ΙΝίυκκυρῐΙῦΙΙΙΞ
536 4077 674 4147 Meus
692 4088 790 4156 scripsi,
808 4087 863 4140 cod.
884 4079 948 4166 bd,
966 4089 1001 4142 of.
1020 4104 1098 4158 supra
1115 4092 1184 4154 66,3
