2820 4688
196 217 236 282 78
650 231 851 285 Priscilliani

196 390 278 453 liunc
300 408 367 453 esse
389 388 523 471 primum
545 407 684 453 inensem
708 392 739 451 et
760 388 840 450 diem
863 391 1011 469 nostrum,
1034 388 1149 452 nonin
1172 408 1231 472 quo
1253 407 1308 472 ap·

196 510 338 573 paremus
361 493 392 555 in
415 492 581 570 sacculum,
604 490 711 554 sedin
733 507 793 570 quo
815 489 934 553 deuicto
952 490 1094 573 Aegypto
1116 491 1195 556 idest
1216 510 1307 573 repu-

196 594 277 657 diato
307 595 421 657 mundo
451 593 556 656 diuina
577 594 609 656 in
638 592 730 655 deum
759 592 919 655 natiuitato
948 601 1134 675 reparamur.
1171 593 1307 657 Adtendi

196 699 299 758 autem
313 696 428 758 lunaris
450 695 517 758 ideo
532 713 638 758 cursus
653 695 783 773 iubctm,
806 712 867 758 non
890 694 969 757 utin
992 711 1027 758 oo
1042 694 1214 760 obseruatio
1235 696 1307 760 roli-

195 798 292 879 gionis
317 797 365 877 sit,
388 798 452 877 sed,
475 798 546 878 quia
567 799 599 860 in
622 814 757 878 eaquae
779 798 922 860 uidentur
944 798 1042 861 omnis
1065 798 1156 861 homo
1175 799 1306 862 uincitur
1331 821 1346 860 ι

195 904 226 963 et
254 917 402 981 germana
431 901 609 963 aelementis
639 916 708 963 caro
739 899 845 963 diebus
875 902 907 962 st
934 896 1133 983 temlporibus
1164 900 1308 983 oblegata

192 1005 326 1065 rectores
342 1002 423 1065 orbis
445 1009 596 1065 terrarum
611 1001 682 1065 deos
703 1002 855 1079 aestimat,
878 1002 1050 1066 necessario
1066 1002 1305 1067 aelementorum

194 1104 424 1168 circumscribta
453 1123 507 1186 per
529 1105 620 1167 deum
650 1105 770 1168 numeri
799 1104 994 1187 intellegatur
1023 1107 1194 1184 naturast,
1223 1107 1305 1186 quod

194 1207 342 1271 minuitur
361 1211 415 1270 aut
433 1207 550 1286 crescit,
570 1208 704 1289 primum
719 1207 880 1288 potestatis
895 1224 969 1270 suas
984 1225 1044 1270 non
1060 1225 1127 1271 csse
1142 1208 1305 1273 credantur

194 1313 280 1389 quae
294 1310 458 1373 uoluntarii
480 1310 579 1392 operis
610 1327 671 1374 non
693 1309 808 1375 habent
829 1310 1013 1388 libertatem,
1043 1313 1113 1391 post
1134 1311 1303 1393 sapientiae
1319 1330 1344 1369 ιι

194 1412 356 1476 saecularis
379 1412 570 1477 institutione
589 1412 702 1476 reiecta
715 1429 839 1495 corpore
854 1413 957 1476 anima
973 1417 1004 1475 et
1018 1413 1127 1494 spiritu
1145 1411 1302 1495 inquibus

193 1500 283 1578 homo
307 1515 439 1578 uincitur
464 1514 595 1579 triformi
621 1514 757 1597 decalogi
777 1515 810 1578 in
832 1513 1008 1601 nobis-lege
1030 1518 1169 1596 reparata
1187 1516 1302 1580 mensis

115 1622 170 1677 106
194 1615 247 1680 fiat
276 1617 390 1680 domini
422 1621 453 1681 et
481 1617 625 1681 natiuitas
655 1620 792 1698 tempore
813 1613 822 1701 ll
843 1615 1072 1680 circumscribis
1103 1617 1241 1680 uincetur
1269 1618 1302 1681 in

193 1718 291 1798 nobis,
307 1721 461 1801 quoniam,
477 1721 556 1784 sicut
570 1718 718 1782 scribtum
734 1722 791 1798 est,
807 1718 1021 1782 constitutis
1036 1720 1197 1783 terminis
1216 1738 1302 1802 gen-

193 1821 283 1885 tium
306 1823 505 1886 secundum
527 1838 694 1886 numeros
718 1821 940 1911 angelorum,
964 1839 1033 1884 curn
1056 1821 1169 1884 decada
1187 1823 1341 1886 saeculirr

118 2002 122 2010 ,
192 1923 335 2002 uincitur,
365 1925 534 1989 dominicae
556 1923 687 1986 decadae
709 1923 857 1987 mandata
880 1927 1071 2004 reparantur,
1094 1927 1125 1987 et
1151 1924 1222 1987 inde
1244 1930 1301 2004 est,

192 2026 272 2105 quod
293 2027 325 2089 in
354 2027 498 2108 mysterio
530 2026 647 2089 domini
674 2029 727 2088 aut
748 2025 883 2088 decimae
912 2025 1066 2088 fructuum
1095 2028 1240 2107 petuntur
1268 2027 1301 2091 in

191 2129 259 2210 lege
275 2132 329 2192 aut
350 2129 382 2191 in
398 2128 545 2193 uincendo
560 2127 701 2211 Aegypto
717 2127 755 2190 ad
770 2126 1014 2209 praeparandum
1035 2128 1149 2209 pascha
1163 2129 1300 2192 mensis

192 2232 329 2295 decima
343 2231 525 2312 postulatur,
541 2218 686 2310 quoniam
702 2230 800 2310 quiin
814 2226 913 2292 tribus
928 2234 1035 2310 potens
1050 2229 1171 2293 initium
1186 2229 1300 2300 medie

190 2338 287 2397 tatem
309 2336 340 2396 et
354 2333 649 2417 consummationem
671 2332 777 2395 mundi
791 2332 823 2395 in
845 2349 878 2395 se
900 2332 1051 2414 operantis
1074 2329 1215 2416 ericelrit
1238 2350 1340 2397 nonro
1404 2388 1407 2393 .

192 2439 226 2497 ut
240 2435 433 2518 oblegaretur
447 2438 584 2516 tempore
598 2432 721 2498 uenisse
736 2452 779 2514 sc,
802 2434 856 2497 sed
870 2436 905 2497 ut
918 2433 1054 2497 uinceret
1066 2434 1255 2517 recognoscit
1269 2439 1301 2499 ct

192 2537 316 2600 credens
333 2537 464 2601 aeternis
483 2529 725 2619 intemporabilis
740 2537 839 2600 factus
853 2535 1005 2618 intellegit
1019 2535 1099 2616 quod
1114 2552 1204 2600 omne
1219 2538 1300 2617 quod

192 2639 238 2703 sol
259 2639 319 2702 diei
344 2640 419 2702 luna
439 2640 521 2702 nocti
541 2639 690 2703 minuitur
711 2641 765 2702 aut
786 2637 895 2701 crescit
916 2653 976 2700 non
999 2637 1150 2721 inperium
1171 2639 1299 2722 captiui·

192 2741 263 2804 tatis
285 2745 417 2821 nostrae,
446 2741 499 2804 sod
521 2740 683 2829 operabilis
710 2738 883 2804 constitutio
905 2739 946 2803 sit
972 2743 1109 2820 naturae,
1137 2743 1298 2823 totumque

192 2843 272 2924 quod
293 2843 425 2906 uiximus
448 2843 672 2911 reuertentibus
694 2843 780 2907 nobis
803 2841 841 2906 ad
863 2860 958 2926 genus
981 2845 1120 2906 nostrum
1141 2843 1337 2908 uocabiturrr

191 2947 305 3026 pascha
319 2947 441 3025 domini,
457 2963 518 3010 non
533 2963 608 3027 opus
624 2945 739 3025 mnndi,
760 2946 838 3008 sicut
852 2943 999 3009 scribtum
1014 2948 1075 3008 cst:
1096 2962 1161 3035 ego
1176 2947 1301 3011 ore'aui·

192 3066 331 3112 omnem
354 3049 524 3112 militiam
546 3049 639 3111 caeli
661 3051 697 3111 ct
718 3065 787 3111 non
808 3048 910 3127 iussi,
939 3051 978 3110 ut
998 3046 1263 3115 adoraretisie‘i
1288 3045 1299 3135 Ι

294 3228 326 3280 rr
343 3226 419 3279 nuuc
436 3228 476 3288 ea,
492 3228 515 3281 a.
616 3227 651 3281 ra
668 3222 747 3277 mor.
766 3226 805 3286 ra,
818 3216 940 3292 adun:
963 3222 1063 3277 reuma
1082 3211 1191 3287 menes*
1206 3224 1298 3294 ung:

193 3310 292 3365 decime
309 3312 350 3364 dic
368 3311 481 3378 mensis).
551 3312 583 3366 26
600 3309 753 3371 Hos.13‚4.

234 3494 251 3547 2
278 3473 587 3573 deuicto¹aeeipto',
615 3488 704 3543 uocab.
732 3498 815 3574 aces
837 3489 928 3542 minor
950 3488 1002 3543 uro.
1024 3489 1111 3558 script
1215 3481 1297 3558 §bo

194 3602 393 3723 (ιιιὲιεῗκηῳὸ
405 3661 515 3714 conicias
526 3652 705 3721 monierus-
745 3643 1296 3746 12δεειιόῑοςι,ε(ῑιιιιιιιιιιο)ιιιι

194 3819 227 3872 ao
245 3797 634 3903 comslom'mjarroroem
714 3769 1115 3899 roosfio'pecgarotraoer
1132 3808 1295 3872 cerasum
1357 3829 1359 3831 ·

237 3899 1212 4004 comeciam,posceorce‘egeuiusunimamriccerrnposteriormanus
1223 3907 1298 3970 audr-
1360 3914 1362 3916 ·

194 4071 262 4125 disse
270 4071 382 4141 uidetur,
391 4075 468 4125 uacat
476 4069 589 4139 spatium
598 4069 679 4123 trium
687 4063 730 4122 uel
739 4054 861 4136 quattuor
869 4066 1014 4122 litterarum
1048 4071 1082 4123 28
1093 4025 1295 4129 lamisem-ocu
1363 4040 1365 4044 Α
