2820 4688
407 250 616 305 Priscilliaui
631 253 795 305 tractatus
812 249 848 304 11.
906 255 910 259 ’
1145 233 1188 298 35

83 404 184 468 denum
198 406 403 472 soecularium
412 402 423 490 Ι
433 409 558 469 autumn
569 403 715 470 tenebras
726 409 908 488 respuentes
924 409 1004 469 totos
1018 422 1074 468 nos
1086 404 1186 469 dedis·⁴
1207 412 1249 467 48

80 522 179 569 semus
201 506 268 586 deo,
283 507 420 591 legentes
442 507 523 588 qnod
545 507 598 588 qui
620 524 805 588 quemquam
827 507 959 587 amplius
981 523 1074 587 quam
1095 506 1188 569 deum

78 607 217 690 diligeret
235 608 443 691 discipulus
462 609 540 672 eius
556 625 721 672 essenon
742 612 876 690 posset,
898 609 949 672 alii
966 611 1104 672 nostrum
1123 607 1187 672 ium

73 708 109 776 in
118 710 237 773 eclesiis
248 711 338 774 electi
349 710 557 789 deo,aliinita
568 709 759 774 elaborantes
771 714 805 774 nt
817 711 1007 793 eligeremnn
1019 708 1186 773 catholicae

44 811 160 892 opacis
183 812 386 892 sequebamur
404 813 552 893 quietem3
575 830 683 875 uerum
704 830 775 875 cnm
796 814 919 895 repente
935 812 1000 875 siue
1014 811 1187 876 necessaria

70 913 288 995 redargutione
319 914 384 977 sine
415 913 619 977 aemulatione
650 913 731 977 uitae
765 931 819 976 een
851 911 1011 977 nouissimi
1039 913 1185 995 temporis

69 1017 228 1096 potestate
260 1015 411 1079 orirentur
445 1015 672 1092 contentiones,
707 1032 761 1077 nos
794 1015 955 1079 caritatem
987 1014 1103 1080 Christi
1135 1014 1185 1078 dei

68 1119 225 1199 optantes,
243 1120 276 1180 et
299 1135 406 1200 paoem
433 1118 491 1180 etsi
517 1117 705 1181 conscientia
732 1115 973 1196 confidebamus,
999 1115 1185 1180 timebamus

69 1221 190 1297 tamen,
212 1218 357 1301 nequid,
379 1219 459 1282 siout
480 1219 597 1282 laetum
620 1222 677 1297 est,
701 1219 856 1281 eontentio
879 1219 1051 1282 animorum
1070 1218 1186 1282 faceret

19 1329 53 1370 ¹⁰
69 1321 155 1402 quod
174 1337 234 1403 par
252 1321 443 1384 eclesiastica
461 1338 522 1384 non
542 1324 668 1384 teneret.
703 1318 769 1382 Deo
785 1323 888 1383 tamen
909 1320 963 1400 qni
981 1319 986 1403 Ι
1005 1338 1085 1383 unns
1106 1321 1184 1384 etin
1223 1372 1227 1378 .

69 1421 217 1487 omnibus
243 1440 334 1486 uerus
361 1426 409 1486 est
435 1423 514 1485 inter
543 1423 618 1486 baec
639 1422 765 1504 gratias,
793 1421 872 1502 quod
898 1421 1001 1485 nullus
1027 1441 1044 1484 e
1069 1421 1184 1485 nostris

69 1525 126 1606 qni
146 1523 288 1588 libellum
309 1524 491 1588 tradidimus
514 1542 611 1605 usque
632 1523 665 1587 in
683 1523 742 1587 hoo
764 1528 887 1606 tempus
908 1524 959 1587 uel
975 1527 1182 1588 accusatorem

69 1625 323 1709 reprehensibilis
339 1624 438 1689 adbuc
461 1626 543 1689 nitae
557 1626 657 1708 potnit
679 1625 791 1688 babere
806 1625 856 1688 uel
878 1625 1020 1704 iudicem,
1042 1625 1116 1688 licet
1129 1623 1184 1689 ob·

70 1726 198 1792 uectari
220 1746 281 1792 non
303 1746 423 1809 semper
444 1728 619 1791 nocentum
643 1728 694 1805 sit,
721 1727 774 1790 sed
797 1728 838 1790 sit
860 1727 1042 1808 aliquotiens
1065 1727 1184 1807 quieto·

29 1839 58 1880 ¹⁶
71 1848 151 1893 rum
190 1829 329 1910 Denique
352 1831 385 1892 in
406 1834 559 1894 conuentu
581 1829 745 1912 episcopali
767 1829 820 1909 qni
841 1828 1103 1911 Caesaraugustae
1124 1827 1184 1891 luit

72 1948 164 1995 nemo
189 1949 207 1995 e
234 1932 348 1996 nostris
376 1950 447 1995 reus
475 1932 575 1994 factus
606 1935 741 2009 tenetur,
771 1948 860 1994 nemo
889 1933 1063 2008 accusatus,
1092 1946 1183 1992 nemo

37 2051 40 2054 ’
72 2035 242 2112 conuictus,
264 2051 354 2097 nemo
377 2033 541 2097 damnatus
563 2036 621 2113 est,
643 2033 763 2096 nullum
785 2032 902 2097 nomini
924 2035 1027 2095 nostro
1041 2031 1092 2094 uel
1113 2048 1183 2112 pro-

73 2135 242 2217 posito'uel
260 2135 343 2199 uitae
364 2135 481 2198 crimen
502 2133 656 2198 obiectum
675 2141 732 2213 est,
755 2151 844 2197 nemo
866 2136 901 2196 ut
922 2136 1101 2196 enecaretur
1121 2148 1182 2195 nou

74 2237 173 2307 dicam
209 2237 424 2301 necessitatem
458 2237 511 2300 sed
541 2255 611 2301 neo<
633 2236 871 2300 sollicitudinem
905 2233 1021 2298 babuit.
1066 2235 1182 2298 Datum

42 2338 176 2403 urascio
201 2338 283 2421 quod
308 2337 346 2402 ab
372 2336 525 2422 Hylldatio
550 2339 593 2401 ibi
620 2338 886 2404 commonitorium
912 2340 960 2400 est
990 2336 1071 2417 qnod
1096 2337 1182 2399 uelnt
1203 2343 1243 2397 41

75 2440 208 2522 agendae
237 2441 320 2504 uitae
347 2444 475 2523 poneret
503 2440 712 2522 disciplinam:
745 2458 835 2503 nemo
857 2439 920 2502 illic
941 2440 1081 2502 nostrum
1102 2437 1183 2500 inter

75 2541 126 2612 illa
138 2541 361 2624 repraehensus
376 2546 430 2606 tna
444 2535 640 2624 potissimum
655 2541 798 2622 epistula¹
808 2544 915 2604 contra
936 2538 1079 2622 inprobos
1094 2556 1182 2620 prae-
1246 2612 1257 2617 g

76 2643 352 2725 nolentemque
379 2644 466 2708 iuxta
493 2643 671 2728 euangelica
699 2643 784 2707 iussa
810 2660 1025 2724 praeceperas
1043 2659 1083 2705 ne
1108 2641 1181 2722 quid

76 2744 263 2810 inabsentes
284 2749 316 2809 et
330 2746 484 2831 inauditos
499 2745 719 2809 decerneretur.
746 2743 810 2808 Nos
825 2747 941 2822 tamen,
963 2744 1023 2808 etsi
1037 2742 1180 2806 absentes

48 2845 114 2910 sibi
127 2848 260 2926 fuimns*
269 2866 389 2930 semper
399 2848 458 2914 hoc
469 2848 502 2910 iu
513 2847 633 2911 eclesiis
649 2849 680 2910 et
695 2847 915 2910 admonuimus
926 2848 957 2909 et
971 2845 1180 2923 admonemus,

77 2952 108 3012 ut
124 2949 245 3032 inprobi
266 2968 367 3014 mores
389 2953 421 3013 et
435 2949 609 3013 indecentia
629 2949 773 3012 instituta
793 2947 918 3012 uiuendi
939 2948 989 3010 uel
1010 2964 1088 3028 quae
1109 2955 1181 3009 con·

77 3052 121 3114 tre
141 3050 258 3116 Christi
278 3051 328 3115 dei
349 3051 442 3115 lidem
467 3054 607 3134 pugnant
633 3048 801 3133 probabilis
828 3054 860 3114 et
881 3039 1076 3122 Christianae
1097 3047 1197 3121 uitae¹

122 3200 432 3309 acciones
509 3217 933 3288 maccabeorum

175 3375 210 3429 24
231 3371 264 3427 cl.
286 3374 400 3442 Lucifer
421 3372 479 3428 Cel.
497 3387 522 3439 p.
539 3373 573 3426 66
595 3344 649 3425 not.
671 3369 711 3423 ed.
733 3369 847 3423 Harrei:
867 3369 929 3437 qnia
949 3365 1083 3423 absentem
1104 3383 1179 3423 nemo

78 3453 148 3512 dobet
164 3457 279 3556 iudicare
295 3473 343 3512 neo
360 3456 491 3536 damume.
1113 3510 1116 3520 ,
1161 3469 1167 3509 ι
1222 3478 1243 3497 -.

121 3603 376 3682 reieciemus
429 3551 639 3686 1151411111,
665 3618 686 3667 11
708 3624 739 3662 ex
763 3619 793 3666 Ν
813 3624 877 3662 corr
950 3623 997 3676 pro
1020 3599 1181 3668 ειῐεεδειτ

78 3760 182 3818 omnm
199 3771 249 3823 su
266 3753 328 3824 seb
346 3729 383 3824 et
434 3718 466 3820 rs
485 3720 784 3832 caesan'nucoste
837 3763 870 3818 19
883 3712 1179 3837 solbcrtobrroem,

78 3864 301 3922 mineorum
356 3868 397 3921 14
413 3855 666 3939 beterrensem,
672 3863 705 3917 or.
723 3862 887 3932 ruptarius
953 3855 1180 3941 aormpnoeos
1311 3898 1315 3907 ·

77 3965 105 4020 11
131 3949 763 4080 urtasanolneJ'[bammemtmjroeq
794 3970 855 4034 post
887 3974 1002 4043 ortae
1015 3981 1068 4019 una
1092 3964 1181 4018 litura

77 4079 143 4121 erese
159 4071 206 4133 est,
224 4067 281 4136 eyll.
301 4078 343 4130 ore
361 4069 389 4121 in
406 4068 522 4136 margine
540 4066 648 4120 emtat
639 4082 668 4119 m
684 4081 781 4120 rasura.
874 4142 878 4147 .
1003 4127 1005 4131 ¹

993 4170 1029 4223 ὃὸ
