2804 4688
501 226 704 280 Priscilliani
725 230 887 281 tractatus
908 207 957 281 111.
1243 215 1285 278 45
1378 259 1381 265 -

184 359 249 474 ὒῗῦ,
275 383 366 446 alium
394 399 454 447 non
477 380 612 447 hahebat
633 383 695 446 nisi
719 382 881 465 profetiam
903 381 995 445 huius
1015 388 1150 466 poneret,
1180 403 1282 466 quam,

191 481 299 548 ⁸1uera
319 485 471 564 dicuntur,
493 485 639 549 canonica
660 484 725 567 ipsc
747 485 936 548 ordinatione
957 484 966 567 ti
988 485 1184 551 damnasset?
1218 487 1284 550 Aut
1306 495 1343 548 ot

193 568 316 650 fortasis
337 586 421 651 linco
449 586 567 670 profeta
593 605 660 649 csse
687 604 747 651 nun
775 587 887 650 meruit
915 604 1008 667 quem
1029 587 1142 652 Paulus
1168 590 1200 652 in
1222 589 1286 670 epi·

197 680 264 751 stila
281 689 319 752 ad
340 687 479 753 chreos
502 689 584 753 iacta
612 693 696 753 ante
726 689 1011 752 translationem
1033 691 1285 754 testimonium

120 792 123 798 ’
174 780 352 855 ⁸habuisse
378 794 510 855 testatur
537 796 591 854 aut
617 808 707 872 quern
734 791 766 854 in
794 791 943 873 principio
969 793 1102 874 generis,
1131 811 1201 856 cum
1232 793 1285 856 ad-

190 887 366 957 hosmundi
393 893 493 957 forma
514 896 545 956 et
574 896 684 957 natura
711 892 796 955 rudis
826 893 950 972 saeculi,
980 899 1138 976 peccatum
1166 894 1284 976 decepti

186 990 310 1058 dominis
330 994 477 1075 retinens,
507 996 642 1058 futuram
672 995 903 1058 conuersionem
933 995 972 1058 ad
1000 996 1091 1058 deum
1119 1000 1189 1077 post
1214 1015 1284 1078 pec-
1372 1061 1375 1068 ,

181 1100 247 1161 cata
273 1114 334 1161 non
362 1096 512 1176 crederet,
546 1097 711 1161 mansferrc
741 1097 820 1160 inter
851 1115 921 1161 suos
951 1099 1025 1161 deus
1054 1099 1164 1163 maluit
1191 1116 1284 1179 quam

176 1199 295 1282 perne?
330 1198 377 1261 De
407 1215 467 1280 quo
493 1199 520 1262 si
546 1216 608 1263 non
630 1198 797 1282 ambigitur
820 1203 850 1262 ct
872 1200 1017 1281 apostolis
1044 1201 1175 1264 creditur
1204 1202 1283 1282 quod

138 1301 295 1384 ”profeta
319 1304 377 1380 est,
405 1301 536 1381 qualiter
557 1301 741 1365 consultatio
770 1302 872 1383 potius
901 1319 993 1382 quam
1022 1304 1183 1382 tumultus,
1212 1321 1283 1367 con·

173 1403 281 1466 silium
301 1419 395 1484 quam
421 1404 587 1483 temeritas,
617 1402 692 1466 fides
715 1421 808 1485 quam
829 1403 955 1485 perfidia
976 1405 1095 1484 dicitur,
1125 1405 1187 1484 ubi,
1209 1405 1282 1468 dum

171 1505 206 1573 in
229 1505 386 1586 nidorem
415 1505 608 1569 simultatum
630 1505 784 1569 sententia
812 1506 957 1583 tenditur,
985 1507 1163 1588 praedicans
1192 1507 1283 1571 deum
1331 1537 1334 1541 v

171 1607 325 1690 propheta
345 1607 529 1671 damnatur?
564 1607 631 1671 Ant
652 1607 801 1688 numquid
815 1608 853 1670 de
867 1588 1040 1671 triuialibus
1054 1607 1145 1671 rebus
1165 1609 1282 1691 agimus

172 1712 230 1774 aut
250 1708 307 1773 tali
328 1712 359 1772 et
380 1712 514 1774 tesserae
536 1710 616 1774 inter
637 1726 747 1772 manus
770 1712 890 1773 nostras
913 1714 1060 1773 cuntant
1088 1727 1215 1788 scaenae
1235 1709 1283 1773 lu·

129 1810 276 1876 uotum
303 1815 482 1892 tractamus,
511 1815 556 1891 ut,
585 1812 659 1874 dum
688 1811 828 1876 homines
857 1811 948 1875 huius
978 1812 1092 1875 saeculi
1118 1813 1282 1893 sequimur,

171 1914 381 1996 apostolorum
409 1913 492 1977 dicta
519 1913 722 1978 damnemus?
758 1913 824 1977 Aut
847 1931 925 1995 quae
947 1914 1177 1978 constituendae
1198 1915 1282 1996 pacis

171 2018 224 2079 cst
255 2015 363 2098 gratia,
396 2014 573 2079 hominibus
602 2031 681 2096 quae
711 2015 863 2079 noluerint
893 2016 1014 2079 credere
1042 2018 1073 2078 et
1101 2015 1184 2079 dicta
1212 2034 1283 2097 apo-

170 2118 283 2182 stolica
310 2133 372 2182 non
400 2119 525 2181 tenere?
561 2115 620 2182 Sed
650 2117 789 2181 fortassis
818 2118 928 2199 uliquis
951 2118 983 2181 in
1004 2118 1079 2180 haec
1105 2117 1228 2200 ingenia
1249 2136 1282 2181 se

170 2220 278 2300 iactet,
299 2223 344 2300 nt,
367 2219 508 2301 quamuis
531 2219 624 2283 etiam
647 2237 744 2282 unum
765 2220 976 2284 testimonium
991 2220 1029 2283 ad
1043 2218 1282 2283 confirmandam

126 2336 158 2377 ao
170 2323 351 2386 sanctorum
371 2321 464 2385 iidem
486 2322 518 2386 in
539 2321 596 2385 deo
619 2322 730 2400 ualeat,
753 2325 858 2385 tamen
879 2322 961 2386 dicat
982 2322 1036 2386 uni
1050 2322 1095 2386 rei
1108 2319 1117 2406 ii
1132 2339 1193 2385 non
1215 2339 1281 2385 esse
1304 2325 1343 2380 58

169 2422 373 2503 madantum,
410 2425 474 2488 sed
505 2424 542 2488 in
579 2423 717 2487 duobus
752 2426 787 2486 et
820 2421 940 2487 tribus
972 2423 1133 2487 testibus
1165 2423 1282 2487 totius
1372 2461 1376 2469 ·

168 2523 280 2590 uerbi
307 2530 477 2591 constare
506 2526 698 2590 rationem.
735 2524 902 2590 conuertat
929 2526 1032 2608 itaque
1061 2525 1283 2607 sesequilibet
1324 2539 1327 2543 ’

168 2628 227 2710 qui
246 2626 421 2692 huiuamodi
435 2631 493 2707 est,
515 2631 546 2691 et
559 2632 664 2692 utrum
679 2645 752 2691 uera
767 2628 908 2707 (dictamus¹
919 2628 1050 2711 diligens
1065 2628 1283 2709 scripturarum

169 2733 326 2794 scmtator
346 2729 489 2811 inquirat
528 2727 608 2809 Quid
636 2733 684 2794 est
709 2730 790 2811 quod
811 2729 889 2794 Tobi
911 2733 1035 2794 sanctus
1057 2731 1178 2794 futurae
1199 2731 1282 2793 uitae

123 2845 156 2886 ω
170 2831 214 2896 ad
235 2831 334 2895 tilium
358 2835 521 2914 praecepta
547 2832 722 2914 disponens,
751 2849 823 2895 cum
851 2832 925 2913 quid
953 2832 1119 2896 custodiret
1141 2832 1281 2911 ediceret,

168 2933 233 2998 ait:
263 2938 327 2998 nos
349 2933 408 2997 tili
436 2932 698 3016 prophetarum
720 2952 859 3007 sumns;
888 2933 962 2998 Noe
983 2934 1127 3017 profeta
1149 2934 1222 2996 fuit
1247 2938 1283 2998 et

167 3033 357 3100 Abraham
385 3035 539 3119 ,eticae
571 3039 607 3098 et
639 3035 747 3099 Iacob
783 3039 818 3100 et
850 3054 974 3101 omnes
1006 3040 1131 3119 patres
1164 3036 1282 3100 nostri

273 3220 386 3276 autor.
405 3224 444 3284 ιι,
460 3225 484 3276 5.
537 3269 539 3275 s
587 3223 618 3277 ιι
638 3221 715 3275 oeus.
734 3224 773 3284 ιι,
793 3225 836 3284 ι5;
857 3222 951 3276 naun.
966 3224 1005 3305 ιιι,
1019 3224 1063 3284 nc
1079 3221 1115 3276 ιι
1128 3193 1240 3284 corsis,
1254 3224 1281 3284 1;

166 3307 194 3362 1.
206 3305 274 3360 rom.
286 3310 311 3371 5,
324 3308 368 3368 ne;
384 3305 416 3359 of.
435 3305 504 3359 infra
520 3305 602 3360 erne.
621 3322 677 3361 ean.
695 3306 781 3360 ιιιι
802 3310 829 3360 o
850 3307 1011 3377 ιιιιωιιμιιι
1032 3324 1072 3376 ep.
1088 3310 1124 3361 ιι
1140 3307 1189 3373 (aa
1205 3307 1281 3361 ntae

165 3393 265 3450 auam
282 3413 313 3436 =
331 3391 419 3458 urguo
436 3393 478 3454 aa,
488 3391 551 3459 rea)
618 3393 653 3447 no
670 3391 734 3445 noo.
746 3395 771 3455 4,
784 3394 816 3447 ne
833 3391 872 3459 (n
888 3391 973 3461 ιιιιι).

201 3546 205 3553 ’
275 3538 305 3592 11
323 3537 459 3604 flauam,
471 3543 564 3591 wama
578 3536 763 3592 Ommatium
779 3538 842 3606 imp.
855 3555 876 3591 c.
890 3541 920 3591 6.·
940 3536 1002 3591 Nou
1016 3539 1056 3590 cst
1066 3537 1137 3590 istud
1148 3537 1281 3590 mmeritas

165 3621 217 3678 sod
228 3621 301 3686 tides,
319 3636 402 3689 neque
414 3620 614 3674 inconsideratio
626 3621 672 3674 sed
683 3621 859 3688 rationeque
870 3620 945 3675 furor
960 3621 1006 3674 sed
1023 3621 1131 3684 dducia;
1150 3651 1182 3661 -
1194 3637 1216 3675 c.
1233 3622 1280 3676 24:

168 3751 176 3763 .
191 3750 197 3761 .
211 3747 218 3760 .
231 3705 340 3774 pertidia
350 3721 404 3760 non
414 3705 479 3759 fidas
491 3709 540 3760 est,
593 3709 624 3762 14
637 3705 684 3759 tali
696 3708 723 3759 ot
734 3703 855 3775 msam]
868 3706 901 3760 cf.
914 3706 1012 3774 Cicero,
1025 3707 1057 3761 dc
1067 3723 1105 3761 or.
1118 3707 1175 3774 HI,
1184 3711 1225 3774 15,
1234 3709 1281 3770 58,-

165 3792 203 3848 αι
219 3797 310 3846 mcc.
323 3795 365 3859 ro,
377 3794 418 3845 ta.

195 3944 231 4009 '3
249 3963 434 4034 souusscs
491 3956 521 4009 ιι
539 3936 901 4036 praemonueramttots
962 3955 995 4009 12
1012 3945 1279 4013 simultamtum

165 4078 365 4148 lacessent
395 4098 397 4102 ν
432 4076 466 4129 aa
484 4055 770 4153 sesequridoctqur
1329 4070 1332 4077 ·
