2820 4688
262 262 303 326 70
699 280 913 339 ¹Priscilliani

192 431 194 436 ’
261 453 369 499 seusus
401 435 561 519 religiosus
592 431 729 520 (sensus)
758 435 985 520 intellegentiae
1019 440 1226 518 construatur,
1262 455 1370 507 neces·

259 536 375 608 ,sarium
405 540 452 601 est
473 537 562 601 nobis
591 541 714 620 propter
736 555 791 602 uos
814 538 1022 602 humilitatem
1045 541 1193 603 sermonis
1216 541 1313 604 nostri
1335 541 1369 604 in

261 657 297 703 ea
318 658 396 720 quae
410 639 626 704 inenarrabilia
647 635 790 704 uidentur
806 641 977 721 extendere,
1000 644 1044 721 ut,
1059 659 1130 704 cum
1152 641 1274 706 risibile
1293 642 1369 723 quid

260 742 292 805 in
313 743 381 824 lege
403 742 452 805 dei
473 742 605 824 ponitur,
629 761 690 806 non
712 742 744 806 id
765 743 839 806 deus
862 743 941 823 quod
963 744 1086 824 ponitur
1112 743 1270 823 habeatur,
1302 745 1367 824 sed,
1392 814 1394 818 ,

260 845 331 924 quia
359 841 467 928 serlmo
497 845 595 908 cinnis
619 863 654 908 ex
683 863 776 908 sensu
799 847 855 924 est,
884 845 1053 927 secundum
1074 844 1215 909 habitum
1243 865 1367 910 necces·
1392 861 1406 902 ⁵

260 946 331 1009 sarii
360 946 519 1025 sermonis,
549 947 755 1010 damnatura
782 947 961 1029 petitaerei
989 947 1174 1030 agnoscitur,
1203 948 1259 1011 hoe
1285 949 1368 1028 quod

260 1047 399 1112 innubis
426 1048 501 1112 deus
524 1048 642 1128 quaerit
670 1067 777 1112 sensus
800 1048 859 1112 sibi
885 1049 1064 1132 intellegens
1094 1049 1261 1129 eloquatur.
1297 1050 1367 1114 Hoc

260 1155 341 1214 enim
363 1151 497 1232 primum
517 1151 695 1233 intellegere
717 1167 772 1214 uos
795 1154 922 1233 oportet,
944 1151 1025 1231 quod
1046 1152 1145 1215 omnis
1167 1151 1318 1215 scribtura
1332 1152 1366 1215 in

260 1271 349 1315 omne
364 1253 445 1333 quod
460 1252 569 1316 dicitnr
591 1256 644 1316 aut
658 1252 791 1333 loquitur
812 1252 943 1316 triformi
965 1253 1137 1317 intellectus
1160 1271 1251 1336 opera
1266 1248 1366 1330 diuisa

260 1359 313 1418 aut
334 1355 440 1418 muudi
460 1356 491 1418 in
514 1355 601 1419 nobis
624 1373 699 1437 opus
728 1355 887 1419 destruens
909 1360 1048 1420 terrenae
1077 1356 1176 1420 carnis
1198 1355 1231 1420 in
1252 1374 1365 1420 concu-
1380 1381 1402 1420 o

259 1457 415 1539 piscentiis
438 1457 569 1541 castigat
590 1457 799 1521 habitaculum
821 1457 940 1521 dicente
962 1459 1093 1540 profeta:
1123 1458 1283 1523 castitas·
1306 1476 1364 1522 cu·

200 1566 237 1619 93
258 1559 396 1624 stodiet
428 1563 464 1624 et
495 1558 731 1645 iustifieallbit
760 1578 832 1640 eor,
862 1565 916 1624 aut
944 1561 1082 1624 diuinum
1116 1560 1236 1626 animae
1264 1579 1363 1644 genus

190 1660 192 1662 ’
258 1666 397 1744 repetens
420 1681 456 1726 ea
477 1679 555 1742 quae
576 1662 608 1727 in
630 1662 717 1727 nobis
737 1663 855 1726 dierum
877 1681 1040 1727 mensuum
1062 1666 1232 1746 temporum
1254 1665 1363 1728 uolun-

260 1768 358 1828 tatum
384 1768 415 1828 et
441 1765 557 1829 idolicis
578 1768 716 1828 terrenae
746 1765 915 1830 natiuitatis
945 1766 1028 1830 uitiis
1058 1765 1362 1830 dementarentur

257 1867 402 1930 informat
423 1867 541 1931 dicente
560 1868 709 1948 apostolo:
733 1868 921 1949 si‘spirito
942 1868 1112 1948 uiuimus,
1135 1869 1278 1951 spiritu,
1292 1886 1360 1932 am·
1374 1888 1397 1928 ra

257 1969 433 2047 bulemus,
464 1974 516 2040 ant
538 1974 619 2033 certe
641 1970 731 2032 deum
760 1971 792 2033 in
814 1970 937 2035 homine
958 1970 1156 2034 cottidianum
1178 1970 1227 2034 sni
1248 1973 1361 2034 testem

257 2089 383 2154 passum
401 2071 558 2152 pronubis
574 2074 605 2136 et
627 2071 722 2136 nostri
743 2072 871 2136 iudicem
891 2076 1053 2152 monstrat,
1075 2077 1119 2153 ut,
1142 2073 1214 2154 quia
1234 2089 1290 2136 noe
1310 2073 1362 2137 di-

257 2173 364 2236 uinae
385 2177 572 2246 consortes
595 2192 662 2237 esse
677 2173 774 2238 uoluit
792 2179 954 2254 naturae,
972 2175 1020 2238 ita
1034 2193 1090 2239 nos
1112 2191 1236 2257 corpore
1258 2174 1362 2239 anima
1403 2196 1405 2200 ·

258 2278 289 2338 et
315 2275 422 2356 spiritu
448 2275 579 2338 triformi
606 2282 834 2358 praeceptorum
864 2276 1075 2341 obseruatione
1105 2277 1278 2360 distringat,
1307 2275 1360 2360 utl

257 2377 425 2461 perlegis
453 2377 615 2441 umbram
637 2378 793 2442 reformati
814 2380 846 2443 in
869 2380 977 2461 spiritu
1000 2384 1032 2442 et
1053 2379 1238 2443 desecandae
1260 2380 1359 2443 carnis
1372 2399 1401 2448 aa

359 2515 554 2601 nenena.
590 2537 764 2600 recuses.
801 2540 831 2604 rr
845 2536 924 2592 arn.
934 2538 1004 2592 retr.
1015 2542 1038 2602 1,
1047 2541 1071 2594 r.
1106 2541 1139 2594 ao
1151 2536 1183 2592 er.
1193 2537 1273 2592 near.
1288 2542 1327 2599 no.
1339 2543 1360 2593 1.

337 2706 339 2709 ’
358 2695 371 2748 1
390 2693 525 2760 Hilarius,
542 2691 574 2746 dc
591 2694 653 2746 trin.
666 2693 706 2760 11,
717 2696 748 2746 2:
765 2692 881 2759 cogimur
898 2690 1023 2760 sermonis
1041 2691 1123 2745 nestri
1139 2691 1313 2745 humilitatem
1327 2692 1360 2744 ad

257 2793 288 2832 ea
303 2793 368 2846 quae
385 2770 567 2830 inenarrabilia
587 2779 648 2829 suut
665 2775 806 2829 extendere.
876 2779 907 2832 19
925 2776 992 2845 Hit,
1010 2778 1042 2831 de
1058 2779 1115 2831 bia
1138 2777 1227 2844 I,l3:
1248 2777 1294 2844 quui
1309 2786 1361 2837 nos

258 2891 295 2909 Ν
315 2878 366 2915 uon
384 2862 526 2915 etiamnum
543 2860 669 2929 corporali
686 2855 881 2930 praeceptorum
898 2861 1076 2915 obseruatione
1098 2860 1258 2915 distrinxerit
1278 2877 1361 2928 neque

255 2947 382 3016 perlegis
401 2947 520 3000 umbram
537 2945 569 2999 ad
587 2945 723 2998 sollemnia
739 2945 895 2999 desecandae
913 2946 1002 3000 carnis
1013 2946 1143 2999 imbuerit.

299 3114 309 3164 l
331 3117 475 3170 εεΝευε
489 3099 574 3178 ῚιιΙὶιηό·
589 3108 646 3162 loco
664 3108 747 3172 deest3
769 3108 822 3162 nid.
838 3110 946 3164 Hilarii
966 3109 1081 3162 locorum
1103 3124 1128 3179 p.
1146 3109 1178 3164 69
1195 3108 1360 3162 laudatorum

256 3273 377 3325 eremum
463 3221 688 3351 reloquitur,
710 3283 717 3329 ι
737 3288 800 3325 eras.
902 3219 1115 3331 eontentio
1218 3279 1356 3342 ommes,

257 3386 324 3435 [ex
349 3379 356 3433 1
385 3391 449 3428 corr.
543 3373 700 3441 θοωΝε]
716 3373 796 3427 facile·
808 3372 918 3427 conicias
936 3381 1040 3431 omtxtt
1135 3371 1215 3426 uerba
1241 3378 1310 3432 ant
1328 3364 1358 3432 lo

256 3564 381 3634 ([υΙῐυκ
399 3550 508 3607 delenda
528 3570 582 3606 asse
600 3567 690 3606 censeo
787 3485 986 3627 Tktsslfotdmt,
1012 3560 1047 3609 m
1069 3551 1104 3616 (iu
1122 3553 1220 3616 datm)
1241 3568 1290 3632 ras.
1309 3551 1358 3605 del.

255 3707 404 3803 opettA'e,
432 3733 452 3783 ε
477 3723 506 3776 in
531 3739 613 3791 marg.
635 3723 740 3776 maul
826 3725 856 3777 ll
886 3664 1048 3792 (Αεῆῑςὲῑ,
1077 3738 1140 3775 eras.
1163 3727 1203 3774 est
1225 3732 1248 3780 Α
1271 3720 1313 3774 uel
1334 3732 1369 3777 Α

257 3828 287 3881 13
306 3825 433 3889 litterae,
455 3841 518 3892 quiae
541 3825 569 3878 in
590 3823 686 3878 codicis
705 3823 777 3878 doliis
798 3825 899 3880 93-95
925 3823 1100 3877 describendis
1126 3825 1263 3878 inclinatio
1289 3825 1360 3893 typis

254 3961 385 4030 iusiguiui,
407 3961 501 4015 absunt
518 3977 532 4015 a
550 3958 646 4023 codice,
664 3976 723 4013 cum
741 3960 871 4028 margines
889 3961 942 4013 sint
953 3959 1048 4012 desecti
1119 3962 1149 4014 ll
1169 3916 1359 4017 ΝΑτΙυΙῑᾸΙΞ

257 4118 288 4171 16
306 4074 532 4199 cotlbraroorn
618 4115 651 4191 20
669 4098 915 4188 δεέΑεεΑΝδε,
936 4124 959 4169 a
977 4113 1017 4179 (in
1032 4115 1108 4178 sae)
1124 4129 1173 4164 ros.
1192 4110 1240 4164 del
