2820 4688
532 251 534 259 ’
606 265 767 317 tractatur
785 263 835 317 111.
1239 246 1278 310 51

113 425 121 436 ‘
177 416 243 480 item
264 415 322 480 ibi:
345 421 381 480 et
401 417 535 499 reliqui
557 435 743 482 sermones
761 418 953 483 Amessiae
974 419 1083 501 primi
1104 422 1140 483 et
1161 419 1281 482 nouis·

118 573 120 578 ,
176 517 251 582 simi
279 536 397 582 nonne
427 536 508 582 eeoe
538 519 667 602 scripti
690 522 774 583 sunt
802 521 836 583 in
866 520 960 585 libro
989 521 1126 585 dierum
1155 538 1281 603 regum

174 619 278 684 ludae
297 622 334 683 et
347 618 531 684 Istrahel?
552 621 626 684 item
647 621 704 685 ibi:
728 638 845 685 nonne
867 621 956 686 haee
978 623 1117 703 seripta
1138 625 1223 685 sunt
1244 622 1280 685 in

173 720 262 786 libro
277 720 417 785 dierum
432 740 557 805 regum
572 722 682 786 Iuda?
703 723 777 786 item
791 722 849 787 ibi:
865 726 901 786 et
921 724 1054 804 reliqui
1072 722 1257 787 sermones
1271 720 1280 807 ll

154 822 339 888 ohianasse
373 827 408 887 et
439 825 556 889 oratio
590 824 666 888 eius
697 843 803 906 quam
832 826 951 890 orauit
971 825 1015 889 ad
1037 825 1220 890 dominum
1241 826 1278 890 in
1301 831 1340 884 66

172 926 313 990 nomine
336 924 392 989 dei
413 925 574 990 Istrahel
596 944 676 990 eoee
704 926 842 991 seribta
872 930 957 991 sunt
984 927 1021 991 in
1050 926 1280 992 sermonibus

172 1027 347 1091 orationis
377 1027 453 1091 eius
480 1031 516 1092 et
540 1028 577 1091 in
604 1028 832 1092 sermonibus
858 1028 1071 1100 uidentium.
1110 1027 1184 1108 Quis
1208 1046 1307 1111 ergo.

171 1129 344 1195 huiusmodi
365 1128 497 1193 fluetuus
519 1130 669 1212 patienter
691 1129 840 1212 accipiat?
875 1129 956 1194 Hinu
977 1148 1038 1194 una
1059 1149 1095 1192 er
1120 1133 1207 1213 parte
1233 1132 1280 1195 in-

172 1233 258 1296 doota
286 1233 375 1314 urget
403 1231 532 1311 insania,
561 1231 646 1296 furor
675 1232 768 1315 exigit
794 1232 942 1314 inperitus
970 1233 1045 1296 nihil
1075 1232 1177 1295 dicens
1206 1232 1281 1295 aliut

144 1335 227 1398 uulsi
249 1333 313 1397 sint
334 1333 482 1398 eutholiea
503 1351 598 1398 neone
619 1350 698 1415 quae
727 1333 815 1405 dieis;
845 1333 958 1397 damna
982 1352 1060 1415 quae
1086 1350 1142 1417 ego
1168 1334 1279 1412 neseio,

137 1453 139 1456 ⁴
170 1436 281 1500 damna
310 1436 391 1517 quod
419 1454 476 1520 ego
506 1453 568 1499 non
597 1436 677 1519 lego,
707 1436 820 1500 damna
848 1436 928 1518 quod
958 1437 1058 1500 studio
1090 1436 1280 1520 pigrisoentis

170 1539 221 1602 otii
231 1528 304 1603 'no'n
325 1539 453 1618 requiro.
476 1537 558 1601 Hine
580 1556 616 1600 ex
636 1541 723 1621 parte
737 1539 834 1601 altera
848 1538 986 1602 diuinum
1004 1541 1094 1622 urget
1113 1539 1279 1619 eloquium:

171 1643 348 1718 scrutate,
374 1639 488 1722 inquid,
516 1641 733 1722 scripturas,
762 1640 838 1704 illud
866 1641 1056 1722 peculiariter
1081 1658 1219 1719 monens,
1244 1644 1281 1703 ut

170 1760 300 1823 quorum
335 1743 460 1825 sanguis
493 1742 532 1805 ad
560 1743 772 1806 testimonium
801 1739 962 1827 uinldiolae
991 1740 1146 1825 quaeritur
1175 1759 1280 1806 eorum

142 1844 289 1924 ueloque
310 1861 372 1909 non
394 1847 551 1928 negentur.
574 1844 659 1908 Inter
679 1862 756 1926 quae
777 1845 868 1926 positi
883 1845 1052 1908 necessario
1066 1843 1278 1908 confidentiam
1362 1844 1364 1850 '

169 1945 230 2009 iam
251 1946 395 2011 uolumus
415 1964 483 2008 esse
504 1947 585 2027 quod
604 1945 779 2010 dicebamus
798 1949 888 2010 antea
907 1964 974 2009 esse
989 1946 1148 2009 cautelam.
1171 1944 1279 2009 Habeo

169 2048 380 2112 testimenium
410 2047 473 2128 dei,
505 2047 603 2112 habeo
637 2048 856 2131 apostolorum,
889 2046 986 2111 habeo
1018 2047 1218 2130 profetarum:
1252 2048 1278 2110 si

170 2167 281 2232 quaero
303 2149 383 2232 quod
399 2149 562 2214 Christiani
583 2150 715 2215 hominis
734 2154 790 2230 est,
814 2149 935 2230 siquod
953 2149 1155 2213 eolesiastieae
1177 2148 1278 2230 dispo-

171 2249 298 2332 sitionis,
321 2252 347 2316 si
369 2251 450 2334 quod
472 2252 520 2316 dei
541 2250 653 2317 Christi
675 2256 732 2331 est,
754 2252 787 2315 in
808 2252 856 2315 his
871 2252 992 2316 inuenio
1014 2252 1066 2332 qui
1085 2251 1176 2314 deum
1190 2268 1278 2332 prae-

139 2341 279 2434 aheno,
305 2355 338 2417 in
359 2353 407 2417 his
429 2354 551 2419 inuenio
573 2355 626 2435 qni
646 2354 809 2436 prolatant.
841 2352 911 2418 Non
933 2357 980 2418 est
1001 2354 1101 2431 timor,
1123 2353 1199 2416 fides
1221 2356 1277 2432 est,

170 2450 250 2536 quod
279 2455 434 2539 diligimus
464 2457 590 2520 meliora
618 2461 649 2521 et
679 2456 826 2520 deteriora
854 2456 1041 2537 respuimus,
1071 2472 1167 2517 unum
1200 2454 1278 2517 inter

169 2557 227 2620 ista
248 2561 417 2635 seruantes,
439 2562 483 2638 ut,
506 2559 648 2639 quoniam
669 2559 702 2622 in
723 2557 897 2621 huiusmodi
917 2545 1014 2636 libris,
1036 2574 1111 2638 quos
1131 2560 1215 2619 entra
1228 2572 1278 2618 ea-

170 2659 346 2723 nonioorum
373 2658 523 2723 librorum
544 2679 706 2723 numerum
733 2660 771 2723 ad
799 2659 920 2742 legendi
948 2657 1084 2722 laborem
1113 2654 1277 2742 diligenlltia
1299 2661 1337 2715 67

168 2761 340 2825 retentabat
369 2762 466 2843 adque
496 2761 536 2824 ad
564 2761 779 2842 eonp1·0banda
800 2780 837 2824 ea
865 2777 943 2841 quae
969 2761 1082 2841 scripta
1102 2760 1134 2823 in
1162 2776 1277 2823 eanone

136 2863 299 2947 ²slogimus
330 2863 488 2947 adsumpti
517 2868 596 2942 sunt,
630 2864 832 2927 hereticorum
849 2863 892 2926 ,in
920 2862 1064 2944 pleraque
1093 2879 1200 2926 sensus
1230 2862 1277 2924 in·

169 2965 283 3029 uadens
305 2982 441 3049 pugnam
462 2966 619 3030 eatholiois
641 2984 752 3048 parans
775 2965 885 3029 falsare
911 2965 1021 3028 maluit
1046 2982 1139 3045 quam
1164 2967 1277 3042 tenere,

168 3067 253 3131 illam
275 3069 473 3149 apostolieum
497 3053 632 3132 feramus
655 3069 720 3131 iure
742 3069 925 3131 sententiam
946 3085 1084 3131 omnem
1109 3066 1276 3147 spiritum

168 3170 228 3250 qui
256 3175 368 3253 negat
389 3170 510 3234 Iesum
538 3171 579 3233 de
609 3170 765 3233 deenen
788 3188 866 3233 esse
888 3172 923 3232 et
944 3185 1083 3232 omnem
1107 3167 1276 3257 spiritum

168 3271 228 3352 qui
249 3272 452 3336 eonfitetur
471 3271 657 3336 Christum
678 3271 800 3335 Iesum
821 3270 862 3334 de
885 3270 949 3335 deo
972 3288 1066 3348 esse,
1089 3271 1168 3332 sient
1183 3269 1277 3332 sonib-

269 3457 331 3514 111.
340 3458 453 3527 rorans.
463 3460 504 3522 25,
513 3461 554 3515 ae.
605 3457 894 3526 enumerandae.
945 3453 1276 3523 411.Paru1ip.3s,18.19.

169 3545 200 3598 rs
216 3543 254 3596 10.
267 3547 291 3606 5,
303 3546 344 3598 ao.
414 3546 447 3599 ar
466 3543 499 3598 er.
511 3544 532 3597 1.
546 3543 583 3598 10.
595 3547 619 3606 4,
633 3545 656 3597 e.
669 3545 693 3597 n.

266 3717 300 3771 20
317 3713 358 3770 cf.
376 3716 484 3770 Hilarii
500 3714 596 3778 locum,
615 3729 692 3781 quem
710 3729 789 3782 supra
804 3729 830 3782 p.
841 3715 875 3768 45
893 3712 977 3767 attuli.

209 3888 223 3941 1
244 3867 352 3967 selom
424 3887 455 3940 10
475 3865 613 3954 ΝεςΝεΙ
681 3885 715 3937 ao
732 3881 851 3949 timon]
867 3890 973 3950 propos
985 3875 1170 3942 csurelam
1184 3880 1219 3948 (u.
1233 3882 1275 3937 nst

166 3987 236 4041 nolui
259 3991 360 4041 mutare
381 3987 410 4040 lu
431 3996 554 4047 ῐυωοκ
576 3984 619 4053 (of.
638 3985 765 4039 Hilarius
783 3986 799 4039 l.
813 3986 829 4038 l.
842 3982 1000 4052 temeritas)
1019 3975 1101 4065 μδΙΞ
1179 3986 1211 4039 25
1229 3976 1275 4042 Ab

165 4073 320 4172 sumpta*

1090 4188 1121 4240 4*
