2820 4688
623 238 786 290 tractatus
802 235 823 290 1.
1260 223 1277 284 7

171 392 304 458 uenisti
332 395 419 456 ante
450 391 777 474 tempnsperdere
802 395 893 456 nost
937 392 1022 473 Quod
1050 395 1117 458 ideo
1146 395 1279 476 positum

170 495 319 573 nouimus,
342 511 404 558 non
425 493 506 576 qnod
528 493 710 559 daemonnm
733 494 940 576 testimoninm
963 495 1036 560 dens
1055 497 1158 575 uellet,
1173 497 1226 559 sed
1245 500 1280 559 nt
1321 489 1324 495 ’

169 594 307 660 homines
330 595 368 659 ed
389 595 557 679 imaginem
572 598 610 659 et
632 595 860 661 simihtndinem
876 596 925 660 dei
943 597 1015 661 facti
1036 597 1279 662 deterioribus

169 697 361 771 tormentis
387 696 654 781 obligarentur,
682 698 708 760 si
728 698 788 761 ista
810 699 973 778 nescirent,
996 717 1073 780 qnae
1096 701 1186 763 etiem
1210 699 1280 762 dae-

141 815 275 867 smones
296 798 487 870 confitentur.
511 795 517 882 1
539 798 635 868 Nobis
661 801 764 865 antem
790 817 882 862 unus
904 800 990 863 deus
1012 805 1129 882 pater,
1151 820 1191 865 er
1213 817 1279 882 quo

168 901 288 965 omnia
308 905 343 965 et
365 918 429 964 nos
450 900 487 964 in
509 899 598 982 ipso,
621 903 656 964 et
676 918 769 964 unns
792 901 956 965 dominus
978 902 1081 966 Iesus
1104 902 1279 986 Christus,

168 1022 230 1086 per
252 1021 358 1084 quem
381 1003 502 1068 omnia
522 1006 557 1066 et
579 1019 643 1066 nos
664 1021 726 1085 per
748 1003 875 1084 ipsum.
898 1003 948 1067 Ad
969 1021 1097 1084 quornm
1120 1003 1279 1068 stultitiam

168 1104 340 1169 Nouatiana
354 1105 470 1169 accedit
487 1105 614 1184 heresis,
629 1105 716 1193 qnasi
737 1121 810 1168 nero
829 1105 1023 1170 crudescente
1042 1125 1162 1188 semper
1181 1123 1280 1170 errore

168 1207 284 1290 peccati
311 1207 448 1290 repetitis
476 1207 712 1288 baptismatibus
740 1211 955 1290 purgarentur,
987 1226 1058 1271 cnm
1086 1226 1193 1277 unum
1217 1207 1281 1271 ba·

125 1310 303 1390 noptisma
323 1326 430 1372 unam
452 1309 565 1372 tidem
583 1327 693 1372 unum
712 1309 815 1372 deum
837 1310 1001 1391 apostolica
1023 1310 1170 1392 scriptura
1187 1312 1281 1373 teste-

168 1416 218 1475 tur
240 1415 271 1475 et
293 1411 425 1474 sciamus
446 1413 591 1493 praeter
612 1410 648 1473 id
668 1427 773 1491 qnam
795 1411 887 1490 qnod
913 1412 1202 1494 euangelinatnm
1226 1416 1281 1475 est

169 1513 364 1578 nobisnec
389 1513 559 1595 angeium
585 1512 626 1576 de
653 1513 765 1577 caelis
792 1513 821 1576 si
850 1513 949 1576 aliud
976 1513 1106 1577 dixerit
1132 1513 1280 1577 audien·

169 1617 260 1680 dnm.
302 1613 368 1679 Nos
397 1601 509 1679 autem'
529 1616 623 1678 semel
652 1615 797 1696 baptizati
825 1615 857 1678 in
887 1614 1006 1679 Christo
1032 1617 1280 1696 relinquentes

170 1736 209 1788 ea
237 1735 327 1799 qnae
354 1717 556 1798 praeterita
586 1721 671 1780 sunt
699 1718 735 1780 in
767 1718 888 1799 priora
917 1733 980 1779 nos
1010 1717 1243 1780 extendentes
1272 1714 1281 1801 i

136 1819 439 1903 inadprehendere
461 1820 629 1883 nolumus
654 1820 691 1882 in
717 1836 784 1900 quo
811 1818 1027 1901 adprehensi
1050 1837 1184 1898 sumus,
1207 1836 1280 1900 quo·
1303 1827 1320 1880 6

170 1924 254 1986 niam
271 1921 395 2004 praeter
415 1940 512 1987 unum
534 1919 689 1985 Christum
716 1921 820 1984 Iesum
845 1921 922 2001 uniti
948 1921 979 1984 in
1004 1919 1063 1983 tide
1086 1921 1164 1984 -ahut
1188 1938 1281 2001 qnam

169 2027 260 2089 nnius
281 2024 474 2106 baptismatis
496 2024 680 2106 praesidium
707 2040 768 2086 non
792 2023 957 2102 habemns,
984 2024 1112 2086 scientes
1138 2024 1280 2104 qnoniam

170 2127 337 2192 Christus
359 2125 461 2189 uenit
486 2126 665 2212 incarne,
690 2127 730 2188 ut
758 2116 968 2207 peccatores
995 2125 1115 2188 saluos
1144 2125 1282 2189 iaceret

170 2233 201 2293 et
221 2228 396 2309 redemptos
417 2227 449 2290 in
469 2245 536 2290 sese
554 2227 593 2290 ad
611 2227 751 2309 perennis
771 2227 850 2290 uitae
870 2228 1008 2290 instituta
1028 2229 1190 2309 repararet.
1224 2226 1283 2306 Qui

130 2334 275 2395 soantem
303 2333 412 2413 negat
436 2330 558 2408 Iesum
589 2328 773 2393 Christum
799 2329 835 2393 in
861 2347 1005 2392 carnem
1034 2330 1193 2409 uenisse,
1223 2330 1280 2393 hic

168 2431 418 2496 antechristus
440 2435 495 2495 est
517 2435 547 2494 et
572 2431 727 2512 perditio
755 2432 830 2494 eius
857 2449 927 2495 non
948 2431 1142 2495 indormiet
1163 2432 1283 2495 dicente

168 2533 321 2616 apostolo:
343 2534 403 2615 qui
424 2536 532 2616 negat
553 2533 672 2596 filium
694 2551 758 2595 nec
779 2535 920 2614 patrem
941 2533 1063 2613 habet,
1082 2533 1142 2614 qui
1157 2537 1280 2597 antem

169 2636 371 2713 confitetur
392 2635 509 2699 filium
534 2638 568 2698 et
589 2635 710 2698 filium
726 2638 766 2697 et
786 2638 925 2716 patrem
947 2634 1064 2709 habet.
1084 2633 1089 2719 Ι
1107 2634 1281 2699 huethema

169 2741 275 2802 antem
295 2737 335 2801 sit
353 2737 488 2800 doctrina
502 2735 743 2800 Nicholaitarum
764 2722 941 2818 partemque
963 2754 1033 2799 cum
1055 2735 1206 2801 Sodoma
1224 2738 1281 2800 hc-

125 2865 154 2906 sa
168 2840 243 2903 beat
264 2841 296 2902 et
316 2823 470 2903 Gomora
487 2839 612 2918 quisque
627 2838 820 2906 onomaton
836 2838 992 2920 sacrilegia
1010 2842 1063 2901 ant
1079 2839 1211 2902 institnit
1229 2842 1281 2902 ant

171 2938 533 3022 sequitur-'Amnem
563 2940 602 3002 sit
634 2941 685 3020 qni
713 2940 818 3022 legens
847 2939 961 3022 grifos
991 2940 1130 3021 aquilas
1159 2941 1281 3004 asinos
1374 2977 1378 3018 3

272 3108 334 3183 dci.
351 3108 430 3162 Hebr.
443 3112 481 3170 10,
498 3111 531 3163 29
549 3112 576 3161 et
591 3108 671 3161 Prisc.
686 3124 740 3161 can.
750 3107 866 3166 LXXIX.
937 3106 990 3174 5.1.
1003 3106 1059 3162 Cor.
1072 3110 1095 3172 ἃ
1110 3110 1137 3171 6;
1154 3108 1188 3162 of.
1198 3108 1280 3162 Prisc.

170 3199 227 3248 can.
236 3191 317 3249 XXV.
385 3193 484 3261 cuph.
503 3196 527 3255 4,
549 3196 572 3247 5.
652 3196 681 3248 11
702 3191 757 3246 Gai.
779 3195 800 3254 1,
821 3195 844 3247 8.
863 3195 887 3247 9.
958 3194 990 3247 13
1006 3191 1119 3260 Philipp.
1140 3196 1164 3256 3,
1182 3195 1221 3260 13.
1241 3196 1279 3249 12.

172 3282 205 3336 18
222 3279 244 3333 1.
256 3278 323 3348 mm.
337 3282 365 3341 1,·
375 3282 413 3334 15.
474 3281 507 3333 20
525 3277 557 3331 cf.
573 3278 594 3331 1.
611 3279 650 3333 Io.
668 3280 691 3339 2,
705 3279 738 3331 22
755 3280 782 3330 et
798 3276 879 3330 Prisc.
892 3293 946 3330 cau.
958 3275 1112 3330 LXXXVII.
1173 3281 1204 3333 21
1223 3295 1280 3351 per·

171 3363 250 3430 ditin]
266 3363 302 3436 II.
319 3363 390 3420 Patr.
406 3366 430 3427 2,
448 3367 471 3419 3.
521 3366 583 3418 «22
600 3363 621 3416 I.
635 3363 711 3424 1012,
723 3357 765 3417 23.
854 3357 1279 3426 aecf.hs.1,9;nom.'9,29.
1361 3382 1363 3386 ·

171 3451 205 3504 26
223 3447 256 3503 od
274 3448 334 3511 Len.
357 3452 397 3513 ll,
417 3452 455 3505 la.
474 3451 519 3511 44;
541 3449 617 3501 Dent.
638 3446 815 3515 14,12;Sep.
835 3444 930 3511 11',1.o.
957 3521 960 3525 .

214 3587 231 3640 s
249 3575 497 3662 anomoeorum,
515 3595 522 3642 ι
537 3601 587 3638 ras.
599 3584 662 3645 nr,
678 3583 710 3637 or.
723 3583 792 3636 rnre
803 3599 828 3651 p.
840 3586 879 3646 rs,
888 3585 922 3667 rc
933 3583 1093 3656 somnne,
1103 3562 1207 3638 urerer
1218 3584 1280 3639 scu-

171 3686 405 3755 disrumpam
448 3676 888 3762 ¹acrroroescerorr,rexroorr.
942 3684 1279 3753 recremelcfhoensch,

170 3789 206 3842 n.
215 3787 337 3858 crong,
348 3779 607 3857 secesseram
618 3787 637 3841 r.
646 3783 691 3842 nt.
701 3785 962 3862 hermogeniano
1015 3789 1049 3855 ee
1066 3779 1273 3865 narthecia

170 3863 330 3946 inoodn'
365 3888 366 3891 ’
403 3865 689 3958 aehoornr'roae
742 3932 744 3938 .
804 3891 837 3944 25
865 3889 1025 3971 quosque]
1046 3887 1118 3943 notui
1134 3889 1280 3946 munem

173 3998 339 4072 ansans
406 3993 441 4046 ao
456 3980 663 4053 assertionis
732 3971 887 4060 ienensi
898 3990 1015 4059 posthoc
1028 3989 1142 4044 uerbum,
1150 3991 1178 4043 in
1189 4005 1279 4043 uenus

170 4091 224 4145 fine
240 4091 356 4160 positum
378 4091 501 4146 excidisse
521 4093 656 4162 suspiceris
679 4101 902 4171 scalpturas,
925 4090 958 4146 of.
976 4106 1055 4160 snpra
1070 4106 1094 4159 p.
1113 4094 1137 4154 5,
1155 4093 1178 4146 6.
