2820 4688
615 111 777 164 tractetur
794 109 816 163 1.
1239 94 1279 158 13

160 261 234 326 -bas
261 264 347 326 sunt
373 266 409 331 et
429 265 558 347 gentes
584 265 621 327 et
641 263 798 346 linguae.
830 255 923 329 Sicut
937 269 968 329 et
989 265 1033 330 ibi
1054 265 1200 331 Iohannis
1215 263 1280 330 ait:

156 363 306 428 cecidit
332 363 468 429 cecidit
488 364 653 446 Babylon
676 361 820 448 magius
839 368 876 430 et
893 366 993 430 iacta
1014 370 1070 430 est
1096 366 1281 431 habitatio

170 464 456 546 daemoniorum,
482 465 630 547 quiade
652 466 707 529 ira
727 466 986 532 fornicationis
1009 469 1086 532 eius
1108 467 1283 532 biberunt

169 569 317 652 gentem
339 566 451 649 etipse
472 567 529 632 ibi:
552 571 588 632 et
609 567 755 632 flebunt
776 568 995 652 plangentes
1017 589 1054 634 se
1077 589 1184 654 super
1205 570 1282 649 illa,

139 667 255 750 equis
275 686 355 733 cnm
380 668 462 753 ipsa
486 669 663 734 fornicati
690 672 832 733 suntet
858 670 894 735 in
917 671 1062 735 deliciis
1085 672 1163 736 eius
1186 673 1282 735 uire-

168 774 263 834 runt
298 768 384 836 Sicut
412 774 443 834 et
472 771 628 855 apostolus
655 771 712 836 ait:
742 788 812 835 non
839 775 895 836 est
921 773 1025 837 uobis
1052 773 1282 838 conluctatio

169 875 298 937 contra
319 889 463 937 carnem
490 875 526 937 et
547 873 777 956 sanguinem,
804 872 866 937 sed
888 876 1014 939 contra
1038 875 1224 959 principes
1247 876 1283 938 et

168 976 376 1058 potestates
402 973 527 1038 mundi
556 973 665 1038 huius
692 977 854 1038 rectores
882 974 1012 1039 harum
1039 976 1283 1056 tenebrarum,

170 1076 347 1139 aduersus
366 1075 557 1159 spiritales
576 1075 761 1156 nequitias
780 1076 817 1139 in
832 1077 1065 1140 caelestibus.
1089 1077 1175 1143 Sicut
1189 1081 1221 1142 et
1234 1078 1283 1141 Io·

128 1175 281 1241 lobannis
297 1177 353 1240 eit:
373 1167 450 1240 uidi
465 1177 506 1239 de
521 1193 580 1240 ore
595 1177 763 1241 draconis
784 1165 821 1240 et
838 1177 880 1240 de
895 1196 946 1241 ore
961 1177 1101 1243 bestiae
1117 1182 1153 1244 et
1167 1179 1209 1242 de
1223 1197 1283 1245 ore

169 1277 473 1361 pseudoprofetae
497 1275 765 1364 spirituslltres
783 1278 976 1344 inmundos
999 1281 1096 1365 sicut
1116 1298 1224 1345 ranas
1247 1285 1282 1345 et
1307 1290 1344 1343 14

168 1379 206 1444 bi
225 1383 311 1443 sunt
330 1380 484 1464 spiritus
504 1380 784 1460 daemoniorum,
805 1381 868 1462 qui
881 1382 1189 1466 facientessigna
1206 1400 1284 1466 pro·

169 1481 302 1545 cedunt
316 1482 358 1545 ad
373 1481 641 1547 conturbandos
656 1500 759 1564 reges
775 1482 874 1545 orbis
894 1486 1021 1547 terrae.
1039 1484 1188 1566 Denique,
1204 1484 1283 1549 siout

169 1583 283 1647 initiati
297 1583 330 1647 in
346 1581 467 1648 &bristo
481 1585 582 1665 prima
596 1588 739 1666 acceptae
753 1583 827 1675 fidei
837 1584 1012 1648 rudimenta
1025 1587 1205 1666 retinemus,
1225 1587 1284 1650 sci·

124 1672 239 1750 umus
261 1703 318 1750 nos
340 1685 504 1749 credidisse
527 1676 610 1767 quod*
630 1686 781 1750 credimus
804 1687 859 1750 deo
880 1690 910 1749 et
924 1688 1116 1751 renuntiasse
1136 1688 1217 1768 quod
1235 1707 1283 1751 re·

170 1787 381 1860 nuntiabimus
394 1785 504 1851 zabulo
524 1791 556 1851 et
576 1787 653 1851 illud
667 1787 831 1868 essequod
850 1788 915 1851 fera
929 1781 1048 1867 dicitur,
1072 1789 1163 1852 deum
1179 1784 1282 1852 autem

171 1908 237 1952 esse
256 1888 337 1970 quod
352 1886 493 1960 Christus
512 1889 600 1952 Iesus
620 1891 676 1952 est.
699 1887 784 1952 Sicut
799 1892 830 1952 et
850 1891 1004 1971 apostolus
1024 1890 1081 1954 ait:
1104 1908 1168 1953 neo
1187 1893 1282 1954 enim

171 1991 211 2055 de
229 1989 348 2055 bubus
368 2008 454 2054 cura
472 1994 529 2054 est
548 1991 621 2070 deo,
644 1991 766 2054 sedda
786 1990 891 2054 nobis
911 1992 1011 2071 dicit,
1033 1993 1202 2072 quoniam
1221 1994 1282 2073 qui

152 2082 250 2157 'arat
272 2092 310 2156 in
333 2109 395 2177 epe
415 2091 524 2166 debet
541 2110 642 2156 arare
661 2095 698 2156 et
715 2093 896 2156 triturans
917 2094 1099 2175 speipsnae
1117 2094 1281 2157 fructum

119 2194 367 2278 topercipere.
388 2194 393 2274 Ι
415 2193 513 2258 Nemo
540 2211 612 2277 ergo
638 2193 727 2257 nobis
752 2194 943 2259 intellectum
969 2186 1106 2277 propriae
1132 2197 1282 2277 peruersi-

171 2295 430 2369 tatis⁴adscribat3
461 2295 712 2376 unusquisque
733 2294 857 2358 uerbis
880 2296 958 2360 suis
980 2297 1282 2361 condemnabitur

173 2401 207 2461 et
223 2397 347 2461 uerbis
367 2397 443 2462 suis
462 2396 748 2470 iustificabitur3
768 2415 823 2461 nos
839 2398 920 2478 quod
934 2399 1086 2463 credimus
1101 2399 1282 2463 confitemm·

173 2500 202 2563 ct
222 2501 435 2563 scrutantes
461 2500 665 2581 scripturas
692 2498 826 2583 speciem
848 2499 1076 2564 daemoniorum
1101 2504 1281 2582 respuentes

172 2598 388 2683 intellegimus,
399 2600 479 2664 sicut
490 2599 640 2664 scribtum
655 2604 711 2679 est,
727 2600 965 2664 altitudinem
976 2604 1137 2682 satanae,
1150 2603 1281 2665 scientes

271 2784 384 2855 alpos
404 2787 443 2848 18,
461 2789 485 2840 2.
503 2788 527 2841 3.
596 2785 709 2854 tdpoc.
729 2787 769 2848 18,
787 2788 811 2841 9.
880 2786 979 2854 cuph.
997 2789 1022 2851 0,
1041 2790 1080 2843 12.
1150 2789 1182 2842 10
1199 2786 1280 2855 Apoe.

175 2872 265 2933 lb,13.
280 2874 319 2926 14.
390 2872 420 2924 17
439 2870 460 2923 Ι.
478 2869 535 2926 Cor.
553 2872 577 2934 9,
594 2873 672 2926 010.
740 2873 773 2926 21
787 2870 880 2925 blattis.
896 2874 934 2935 12,
947 2874 988 2927 37.
1057 2874 1091 2927 23
1108 2870 1140 2925 cf.
1153 2871 1190 2925 Io.
1203 2875 1227 2933 5,
1239 2874 1280 2926 39.

174 2955 389 3024 2401100004.

272 3110 304 3164 14
324 3107 457 3179 Cypriani
478 3108 535 3162 nite
555 3108 605 3177 (ed.
624 3109 1023 3178 Hartel‚praer.p.xc11,4):
1048 3110 1117 3164 iuter
1137 3109 1199 3163 fidei
1220 3126 1281 3163 suae

172 3192 255 3261 prims
271 3191 427 3259 rudimento.
454 3192 571 3262 stodes,
588 3195 648 3248 bist.
661 3195 720 3270 odo.
732 3210 831 3264 paean.
846 3196 963 3264 mee,
975 3200 1008 3248 19
1027 3194 1077 3263 (ed.
1091 3193 1282 3262 Zangemeister

172 3291 195 3346 p.
213 3280 271 3342 520,
290 3277 344 3346 18):
358 3276 444 3332 'Gothi
459 3277 559 3346 primae
575 3276 637 3330 fidei
655 3277 803 3331 rudimento
821 3279 891 3346 qnod
908 3295 1027 3348 accepere
1043 3281 1191 3332 tenuerunt.

212 3467 226 3521 1
245 3481 276 3518 01
289 3457 372 3525 ΑΙΙθΙ
386 3481 459 3528 corr..
478 3465 557 3519 erasis
568 3463 667 3518 litteris
677 3457 716 3525 ΑΙ
783 3469 801 3521 4
819 3482 849 3520 ex
859 3459 940 3526 ΑΙ101
955 3482 1028 3531 corr..
1040 3447 1142 3520 litterae
1155 3458 1195 3524 ΑΙ
1205 3466 1280 3520 lineis

172 3611 298 3671 obductae
309 3620 337 3671 et
346 3617 450 3686 punctis
462 3617 630 3686 superpositis
639 3616 737 3670 deletae
749 3622 811 3672 suut
863 3622 895 3675 10
909 3579 1115 3696 ΙοϋΑΝΝὲε,
1135 3627 1155 3678 Ε
1171 3617 1218 3674 liu.
1231 3618 1280 3672 del.

173 3771 202 3826 11
221 3779 414 3854 spaniensis,
433 3728 484 3824 liti.
505 3780 527 3828 υ
550 3769 662 3824 secundo
683 3769 740 3830 loco
761 3769 839 3823 lineis
861 3770 946 3824 deleta
968 3774 1007 3825 est
1080 3773 1112 3828 16
1140 3709 1278 3849 gildis),

172 3921 251 3989 gru.
269 3921 318 3977 ee.
388 3919 425 3977 ‘ao
441 3883 591 4004 properi
