2820 4688
524 284 686 336 tractulus
704 281 762 335 vll.
1153 266 1194 329 85

84 434 168 499 Esau
194 435 295 501 dolore
324 441 430 519 pertus
452 437 500 500 sui
521 436 623 516 edidit,
653 440 704 518 qui
726 436 878 518 primitine
908 455 963 500 sne
985 437 1133 519 perderet,
1163 441 1196 500 et

84 537 179 601 lacot
199 538 326 621 protulit
345 539 378 603 in
392 539 534 618 sulutem,
556 537 803 621 quemchristus
825 539 939 602 feceret
953 539 1104 602 heredem.
1134 537 1192 622 lul

86 657 147 720 quo
162 644 194 704 et
213 656 279 719 uos,
302 639 488 704 dilectissimi
503 642 622 720 tratres,
644 645 801 722 tamquam
824 639 929 703 fideles
951 641 1093 720 seruiet,
1116 640 1194 703 sicut

84 741 234 806 scribtum
249 746 306 821 est,
327 742 384 807 tili
399 742 454 806 dei
469 745 506 807 et
520 742 715 806 coheredes
731 741 869 806 Christi
888 745 1048 824 operantes
1063 743 1095 806 in
1109 742 1194 805 testi-

57 842 189 907 emonio
209 844 428 925 loquendorum
449 844 658 909 castificate
688 844 825 908 enimes
852 848 994 908 uestras
1024 843 1067 908 ed
1088 842 1194 907 obau-

83 944 254 1010 diendum
276 945 364 1010 fidei
386 965 443 1011 nee
468 947 745 1029 configurantes
768 963 831 1009 uos
862 946 1073 1029 ignorantes
1096 946 1192 1010 uitae

83 1046 277 1112 desideriis
298 1048 335 1111 ln
357 1047 488 1130 quibus
512 1048 731 1112 erubescitis
754 1047 939 1130 stipendia
965 1048 1075 1111 nellitis
1105 1048 1194 1111 ecci·

82 1170 170 1235 pere
182 1151 335 1233 peceati,
351 1150 405 1214 sed
419 1150 476 1215 iter
491 1150 661 1232 psalmidici
676 1150 824 1214 sermonis
843 1150 992 1214 intrantes
1009 1149 1193 1214 ambulate

82 1250 121 1316 iu
136 1252 216 1336 lege
236 1251 360 1332 domini,
383 1256 418 1317 ut
432 1256 615 1335 tamqnam
637 1252 775 1335 lignum
796 1252 889 1334 quod
910 1253 1116 1334 plantatum
1138 1256 1194 1316 est

45 1355 188 1418 roiuxtc
207 1353 381 1419 decursus
404 1372 576 1437 equorum
599 1351 779 1439 dininoltrum
797 1370 973 1419 serrnouum
991 1353 1125 1418 lontibus
1145 1355 1191 1417 in·
1215 1360 1272 1414 117

82 1455 176 1540 rigati
189 1456 315 1521 triremis
325 1457 498 1521 intellectus
509 1457 679 1540 palmites
694 1457 891 1539 proferetis
906 1459 1066 1520 maturos
1082 1460 1113 1520 et
1126 1475 1194 1538 per·

82 1562 246 1623 manentes
272 1558 418 1623 honestae
443 1559 526 1622 uitee
548 1559 700 1638 fruetus,
729 1575 803 1640 quos
829 1575 890 1622 nou
916 1557 1116 1639 corruptibilis
1139 1559 1193 1621 he·

81 1660 211 1725 bituouli
231 1660 439 1742 uoluptatium
461 1664 582 1743 tempus
613 1660 725 1740 eduxit,
756 1660 811 1723 sed
832 1676 908 1741 quos
930 1659 1022 1723 diuini
1044 1660 1191 1723 sermonis

82 1761 213 1826 eruditio
227 1761 407 1850 fecundarit,
429 1765 465 1826 ut
486 1778 557 1827 nou
578 1761 834 1827 decidentibus
856 1761 956 1824 foliis
978 1762 1192 1825 mendatorum

48 1884 71 1925 u
84 1867 232 1953 perpetue
250 1864 317 1927 lnce
332 1864 462 1928 contecti
476 1867 670 1946 peccatorum
685 1865 832 1946 supplicia
847 1881 988 1945 respuere
1004 1866 1035 1926 et
1055 1862 1189 1944 requiem

81 1965 236 2047 possimus
257 1965 370 2030 hebere
391 1966 541 2029 iustorum
562 1985 617 2048 per
639 1966 741 2029 Iesum
764 1964 930 2029 Christum.

184 2144 202 2198 4
218 2142 293 2197 Rom
305 2144 330 2207 8,
343 2145 387 2205 173
404 2142 437 2196 oi.
449 2142 531 2197 Prisc.
543 2159 599 2197 ceu.
610 2142 710 2197 LXXII
722 2147 748 2197 et
758 2142 903 2196 oxxvm.
964 2144 980 2197 5
997 2143 1018 2196 1.
1031 2143 1101 2197 Petr.
1114 2145 1137 2205 l,
1149 2144 1190 2198 22.

82 2230 101 2282 6
119 2227 321 2297 configurantes]
338 2228 359 2281 1.
372 2227 442 2282 Petr.
456 2231 479 2291 1,
493 2231 536 2290 14;
553 2226 606 2282 uid.
620 2244 697 2296 supra
714 2231 738 2290 9,
750 2230 783 2283 24
801 2226 846 2281 ubi
864 2227 892 2281 in
909 2226 999 2280 eodem
1019 2243 1097 2280 uersu
1112 2226 1191 2280 habes

84 2311 267 2381 ignoreutiee'r
295 2329 343 2382 pro
372 2312 463 2367 uocab.
491 2312 585 2376 ‘nitee’,
616 2312 686 2381 qnod
712 2316 820 2380 utroque
846 2313 903 2366 loco
930 2313 958 2365 in
984 2317 1072 2366 nostro
1103 2311 1189 2365 codice

83 2396 206 2461 occurrit,
216 2397 251 2452 It
263 2400 291 2451 ct
300 2397 379 2467 Uulg.
389 2397 510 2452 exhibent
521 2397 646 2452 uestrae.
716 2400 732 2453 7
749 2398 777 2452 iu
789 2398 894 2467 quibus]
911 2398 986 2451 Rom.
999 2400 1022 2460 6,
1035 2399 1075 2453 21.
1144 2396 1191 2449 sti-

84 2481 404 2552 pendie1el.1tom.6‚23.
456 2483 669 2548 outremer.
722 2483 795 2538 eos.
809 2487 832 2548 1,
842 2485 866 2539 3.
920 2487 950 2540 11
970 2481 1002 2537 ci.
1011 2481 1090 2550 Apoc.
1101 2483 1140 2545 14,
1151 2483 1191 2537 18.

137 2569 176 2624 12.
189 2569 221 2624 14
238 2567 327 2624 cf.Ps.
340 2571 400 2633 1,8.

126 2782 144 2835 3
164 2769 280 2860 petere
363 2738 593 2859 ereheneis,
614 2793 622 2839 ι
640 2781 687 2836 lin.
704 2780 753 2836 der.
833 2739 1187 2861 ocoropiiconnrcbe5‚

86 2892 109 2941 υ
135 2882 173 2947 (in
200 2882 252 2964 pu)
276 2881 322 2936 lin.
344 2887 371 2937 et
392 2887 489 2952 puncto
511 2883 559 2937 del.
666 2882 776 2937 fortusse
804 2867 1033 2952 remordentes*
1055 2883 1129 2936 scrib.
1151 2887 1190 2935 est

84 3035 337 3113 renueremus,
360 3046 419 3096 rex
438 3047 445 3093 r
465 3036 525 3090 raet.
605 3029 744 3104 oettrrrs]
765 3035 798 3089 cr.
811 3037 880 3100 see
965 2996 1149 3120 ncce'peue,
1170 3043 1190 3095 ε

83 3187 122 3256 (iu
141 3188 191 3256 ce)
207 3186 254 3242 lin.
272 3187 321 3242 del.
389 3146 506 3264 811311,
522 3189 798 3253 olin.del.‚ci.58,7
854 3192 883 3243 11
902 3172 1079 3250 utttfibt'tes
1123 3198 1188 3267 pho

10 3336 13 3341 .
86 3297 260 3368 peucestes
354 3289 414 3343 tort..
433 3273 712 3373 peumumerebrs
729 3289 803 3344 erro.
822 3293 862 3344 est
956 3294 988 3346 12
1007 3280 1189 3350 terrestre

84 3399 234 3523 {mitis
328 3445 361 3498 13
379 3432 506 3511 eduxit]
531 3443 627 3512 cogites
646 3443 677 3498 de
702 3433 876 3516 εδυΧΕκΙῐ,
903 3440 935 3496 cf.
950 3442 978 3506 ’4,
993 3447 1022 3503 2;
1044 3444 1084 3504 32,
1102 3444 1135 3497 16
1156 3440 1188 3496 el.

84 3545 117 3599 ro
142 3528 343 3715 Miremur,
363 3530 689 3629 runcrnrosbsutrm
716 3527 965 3629 purmr'rmcrprt
994 3551 1184 3602 trecentos

83 3636 215 3728 pentem
234 3647 348 3716 tertul
