2820 4688
607 236 771 288 tractatus
792 233 857 289 1111.
1057 175 1063 185 .
1246 220 1289 284 59

178 388 352 452 aduersus
381 404 446 451 uos
467 387 503 452 in
531 386 709 472 memlbris
731 390 868 454 uostris
890 390 1064 455 ieiunantes
1085 390 1143 456 deo
1164 409 1225 456 non
1255 393 1287 455 in

179 489 345 572 turpibus
374 490 490 555 luoris
512 508 611 573 neque
632 491 670 556 in
691 491 835 557 ineerto
861 493 1044 557 auaritiae
1072 498 1127 556 unt
1148 494 1180 557 iu
1208 495 1288 558 reris

178 598 207 656 et
231 591 480 657 contentionibus
509 592 667 673 ieiunetis,
697 594 852 674 quoniam,
881 595 940 659 etsi
969 593 1190 659 abstinentium
1219 595 1287 659 dili·

177 695 289 760 dmm
315 698 349 759 et
376 695 608 761 oouullutiouom
629 696 762 779 eorporis
788 696 928 760 diuinum
948 697 980 760 in
1002 696 1051 761 luis
1080 697 1188 761 diebus
1209 714 1287 780 opus

154 797 307 878 sursera,
338 797 415 861 talo
443 800 561 862 tumen
589 798 768 862 ieiunium
798 817 868 862 non
900 798 1070 879 requirit,
1103 798 1167 878 sed,
1200 797 1286 862 sieud

175 898 323 963 soribtum
343 903 402 979 est,
423 898 629 963 osstitiouti
650 917 798 982 eorpore
821 904 856 964 et
877 900 1012 982 spiritu
1034 900 1228 964 oaritutem
1249 901 1285 965 in

174 1000 370 1066 dilectione
400 1001 607 1085 simplicem
635 1020 676 1065 ex
702 1002 808 1065 eorde
837 1019 922 1065 uero
944 1006 981 1065 et
1006 1001 1141 1066 diuites
1163 1021 1226 1065 uos
1248 1003 1285 1066 in

174 1101 345 1185 operibus
366 1102 473 1168 bonis
495 1103 631 1168 diuinis
653 1103 788 1187 gloriis
810 1102 981 1167 exhibete
1003 1107 1044 1183 et,
1067 1104 1147 1167 siout
1167 1105 1287 1187 profeta

170 1205 225 1285 ait,
240 1204 531 1269 soluiteomuom
542 1203 828 1288 conligationem
844 1205 1055 1269 iniustitiae
1071 1209 1107 1269 et
1120 1207 1285 1288 respuite

142 1302 442 1391 sublegatiolnos
467 1305 717 1388 inpotentium
745 1307 1057 1386 commerciorum,
1080 1307 1211 1389 eripite
1233 1308 1285 1371 in·
1309 1315 1324 1331 ”

172 1409 306 1477 iuriam
326 1408 582 1490 seoipientem,
609 1408 769 1472 iudicate
790 1409 985 1492 pupillum,
1007 1408 1213 1473 iustificate
1235 1409 1286 1473 ui-

172 1511 288 1591 duam,
313 1509 502 1574 demittite
524 1511 733 1575 eonfruetos
755 1510 1068 1575 inremissionem
1091 1516 1126 1574 ot
1147 1529 1285 1575 omnem

172 1611 486 1680 eonsoribtiouom
515 1612 678 1693 iniquum
705 1612 940 1694 disrumpite,
970 1612 1132 1695 frangite
1158 1631 1285 1695 panem

172 1719 338 1780 uestrum
353 1713 618 1794 esurientibus,
640 1732 797 1797 aegenos
812 1719 848 1779 et
870 1733 939 1779 non
953 1714 1132 1779 hebentes
1147 1719 1285 1779 tentum

138 1816 340 1881 siuduoite
360 1815 398 1881 iu
419 1815 545 1881 domos
566 1819 725 1889 uestram
755 1817 787 1881 si
808 1816 980 1881 uideritis
1008 1817 1123 1881 nudos
1145 1818 1286 1900 operite

172 1924 210 1983 et
229 1917 446 1983 laborantes
467 1936 511 1983 ne
539 1917 794 2001 dispexeritim
823 1919 868 1982 sio
889 1918 972 1982 onim
994 1918 1142 1982 scribtum
1171 1922 1231 1982 est:
1255 1919 1286 1982 si

173 2019 319 2091 dederis
338 2019 518 2085 esurienti
538 2038 668 2103 panem
682 2024 786 2084 tuum
804 2020 981 2084 exanimo
1003 2023 1039 2084 et
1052 2020 1286 2085 humiliatum

173 2121 376 2188 satiauoris
402 2122 570 2201 unimam,
599 2122 741 2187 orietur
761 2122 798 2187 in
820 2121 985 2187 tenebris
1009 2119 1014 2207 Ι
1036 2122 1160 2187 lumen
1184 2125 1286 2186 tuum

174 2223 305 2290 eterit
331 2224 420 2288 deus
441 2227 527 2288 tuus
556 2228 677 2289 tooum
698 2227 734 2288 et
762 2223 961 2288 satiaberis
987 2224 1152 2289 omnibns
1180 2224 1286 2288 bonis

134 2329 213 2393 auin
242 2324 366 2391 omni-s
392 2342 484 2408 quae
512 2324 697 2390 desiderat
725 2326 846 2391 anima
867 2329 939 2390 tun
976 2325 1172 2391 considerate
1193 2325 1286 2407 euim,

174 2428 251 2512 quid
278 2428 323 2494 sit
340 2427 459 2512 pasebs
478 2427 605 2508 domini,
634 2427 752 2492 dioente
779 2427 928 2511 apostolo:
958 2430 1096 2511 paseha
1123 2431 1287 2493 nostrum

175 2530 389 2595 immolatus
410 2531 468 2594 est
488 2528 671 2610 christus,
693 2529 857 2594 ostendens
870 2548 974 2594 rerum
987 2530 1197 2614 praesentium
1211 2529 1288 2594 tole·

175 2632 312 2697 rsntium
340 2631 381 2696 ad
407 2631 578 2719 proemium
608 2630 718 2696 beatae
747 2631 977 2697 inmortalitatis
1005 2630 1225 2715 proficientem,
1254 2633 1287 2697 in

175 2752 238 2817 quo
265 2732 397 2818 uirginis
416 2736 525 2817 partus
546 2737 579 2798 ot
599 2732 633 2798 in
662 2733 908 2817 adsumptionem
929 2734 1063 2817 eorporis
1094 2733 1287 2818 omnipotens

239 2943 778 3029 ¹sermomonem
892 2944 1287 3013 mmmmmmffln

178 3029 900 3100 emmoemfflmmm
984 3029 1292 3099 mmmm

178 3113 950 3264 ξὶιιιὼῐέξιιιι.ι;οιιωωιωφειω.
1021 3114 1288 3180 ramsolan.

220 3398 239 3454 s
264 3392 376 3464 sexus]
398 3410 458 3466 epp.
469 3410 495 3466 p.
506 3396 549 3460 ιι,
559 3396 642 3460 4368,
656 3396 687 3452 rt
756 3398 773 3451 a
792 3403 988 3474 ιειυΝεῐεε,
1007 3403 1027 3456 ε
1043 3396 1081 3462 (in
1096 3398 1164 3463 tes)
1178 3395 1225 3450 lin.
1238 3396 1288 3451 det
1401 3401 1403 3405 ¹

178 3552 197 3605 6
215 3561 270 3614 ΙΝ,
291 3549 350 3624 ent
366 3556 434 3608 υΝ
512 3550 544 3604 11
562 3505 910 3630 pupillgfflsttftcbffi
936 3557 997 3607 ttm
1015 3563 1084 3602 mou.
1103 3547 1133 3602 11
1153 3565 1289 3626 supersum,

178 3649 264 3712 sede
280 3665 335 3704 non
351 3648 401 3705 det
422 3640 425 3644 ’
470 3651 504 3707 ta
521 3631 759 3731 edot'fttmos,
782 3661 802 3708 o
822 3650 861 3717 (iu
877 3651 944 3717 tos)
959 3665 990 3704 ox
1009 3661 1032 3710 tt
1049 3664 1115 3705 oorr.
1186 3643 1290 3712 16th

179 3760 379 3886 pexenrtis,
402 3810 423 3863 ε
443 3802 481 3869 on
502 3803 570 3871 res)
588 3800 635 3856 lin.
658 3799 711 3858 uu
829 3805 862 3860 ro
884 3811 1078 3883 moeretur,
1106 3814 1143 3863 m
1169 3804 1216 3865 nn,
1239 3806 1290 3862 det

182 3912 444 4035 reassumimus,
459 3965 482 4016 υ
496 3953 602 4010 linunt
664 3957 699 4010 ao
712 3944 1087 4018 ιὀΝιιδειΑῐΑεεΝιω
1150 3961 1291 4042 asperae
1360 3949 1362 3952 ⁴

181 4039 408 4134 scatebram
483 4048 734 4118 tolerantium
