<?xml version="1.0" encoding="UTF-8"?>
<!DOCTYPE html PUBLIC "-//W3C//DTD XHTML 1.0 Transitional//EN"
    "http://www.w3.org/TR/xhtml1/DTD/xhtml1-transitional.dtd">
<html xmlns="http://www.w3.org/1999/xhtml" xml:lang="en" lang="en">
 <head>
  <title>
</title>
<meta http-equiv="Content-Type" content="text/html;charset=utf-8" />
  <meta name='ocr-system' content='tesseract 3.04.00' />
  <meta name='ocr-capabilities' content='ocr_page ocr_carea ocr_par ocr_line ocrx_word'/>
</head>
<body>
  <div class='ocr_page' id='page_1' title='image "./priscillianiqva02schegoog_0070.png"; bbox 0 0 2820 4688; ppageno 0'>
   <div class='ocr_carea' id='block_1_1' title="bbox 621 95 1274 165">
    <p class='ocr_par' dir='ltr' id='par_1_1' title="bbox 621 95 1274 165">
     <span class='ocr_line' id='line_1_1' title="bbox 621 95 1274 165; baseline -0.011 -1"><span class='ocrx_word' id='word_1_1' title='bbox 621 114 784 165; x_wconf 83' lang='lat' dir='ltr'>tractatus</span> <span class='ocrx_word' id='word_1_2' title='bbox 800 110 822 165; x_wconf 94' lang='lat'>1.</span> <span class='ocrx_word' id='word_1_3' title='bbox 1236 95 1274 157; x_wconf 81' lang='lat' dir='ltr'>l&#39;l</span> 
     </span>
    </p>
   </div>
   <div class='ocr_carea' id='block_1_2' title="bbox 123 260 1364 1568">
    <p class='ocr_par' dir='ltr' id='par_1_2' title="bbox 123 260 1364 1568">
     <span class='ocr_line' id='line_1_2' title="bbox 167 260 1276 347; baseline 0.003 -22"><span class='ocrx_word' id='word_1_4' title='bbox 167 260 254 326; x_wconf 89' lang='lat' dir='ltr'>idolis</span> <span class='ocrx_word' id='word_1_5' title='bbox 276 263 341 326; x_wconf 90' lang='lat' dir='ltr'>suis</span> <span class='ocrx_word' id='word_1_6' title='bbox 363 263 439 328; x_wconf 84' lang='lat' dir='ltr'>iacti</span> <span class='ocrx_word' id='word_1_7' title='bbox 461 263 661 345; x_wconf 87' lang='lat' dir='ltr'>apparebunt,</span> <span class='ocrx_word' id='word_1_8' title='bbox 683 266 764 328; x_wconf 90' lang='lat' dir='ltr'>sicut</span> <span class='ocrx_word' id='word_1_9' title='bbox 785 263 934 329; x_wconf 91' lang='lat' dir='ltr'>scribtum</span> <span class='ocrx_word' id='word_1_10' title='bbox 956 268 1017 329; x_wconf 87' lang='lat' dir='ltr'>est:</span> <span class='ocrx_word' id='word_1_11' title='bbox 1043 269 1146 347; x_wconf 87' lang='lat' dir='ltr'>pater</span> <span class='ocrx_word' id='word_1_12' title='bbox 1168 284 1276 347; x_wconf 90' lang='lat' dir='ltr'>super</span> 
     </span>
     <span class='ocr_line' id='line_1_3' title="bbox 167 362 1275 450; baseline 0.003 -23"><span class='ocrx_word' id='word_1_13' title='bbox 167 362 298 443; x_wconf 79' lang='lat' dir='ltr'>filium,</span> <span class='ocrx_word' id='word_1_14' title='bbox 316 363 423 429; x_wconf 85' lang='lat' dir='ltr'>filius</span> <span class='ocrx_word' id='word_1_15' title='bbox 438 383 545 447; x_wconf 92' lang='lat' dir='ltr'>super</span> <span class='ocrx_word' id='word_1_16' title='bbox 559 370 710 450; x_wconf 88' lang='lat' dir='ltr'>patrem,</span> <span class='ocrx_word' id='word_1_17' title='bbox 729 385 841 430; x_wconf 91' lang='lat' dir='ltr'>nurus</span> <span class='ocrx_word' id='word_1_18' title='bbox 856 386 963 449; x_wconf 91' lang='lat' dir='ltr'>super</span> <span class='ocrx_word' id='word_1_19' title='bbox 979 384 1129 446; x_wconf 89' lang='lat' dir='ltr'>socrum,</span> <span class='ocrx_word' id='word_1_20' title='bbox 1149 384 1275 430; x_wconf 89' lang='lat' dir='ltr'>socrus</span> 
     </span>
     <span class='ocr_line' id='line_1_4' title="bbox 167 467 1278 549; baseline 0.003 -21"><span class='ocrx_word' id='word_1_21' title='bbox 167 483 273 549; x_wconf 90' lang='lat' dir='ltr'>snper</span> <span class='ocrx_word' id='word_1_22' title='bbox 295 484 425 530; x_wconf 90' lang='lat' dir='ltr'>nurum</span> <span class='ocrx_word' id='word_1_23' title='bbox 444 471 480 531; x_wconf 92' lang='lat' dir='ltr'>et</span> <span class='ocrx_word' id='word_1_24' title='bbox 494 467 638 531; x_wconf 87' lang='lat' dir='ltr'>inimici</span> <span class='ocrx_word' id='word_1_25' title='bbox 659 468 818 531; x_wconf 87' lang='lat' dir='ltr'>hominis</span> <span class='ocrx_word' id='word_1_26' title='bbox 841 468 1034 532; x_wconf 79' lang='lat' dir='ltr'><strong>domestici</strong></span> <span class='ocrx_word' id='word_1_27' title='bbox 1056 469 1144 531; x_wconf 90' lang='lat' dir='ltr'>eins.</span> <span class='ocrx_word' id='word_1_28' title='bbox 1168 468 1278 532; x_wconf 81' lang='lat' dir='ltr'>Golant</span> 
     </span>
     <span class='ocr_line' id='line_1_5' title="bbox 165 565 1278 650; baseline 0.003 -20"><span class='ocrx_word' id='word_1_29' title='bbox 165 565 354 631; x_wconf 76' lang='lat' dir='ltr'>Mercurium</span> <span class='ocrx_word' id='word_1_30' title='bbox 382 569 474 632; x_wconf 88' lang='lat' dir='ltr'>deum</span> <span class='ocrx_word' id='word_1_31' title='bbox 500 569 552 650; x_wconf 90' lang='lat' dir='ltr'>qui</span> <span class='ocrx_word' id='word_1_32' title='bbox 574 572 766 633; x_wconf 86' lang='lat' dir='ltr'>terrenorum</span> <span class='ocrx_word' id='word_1_33' title='bbox 787 570 1022 634; x_wconf 80' lang='lat' dir='ltr'><strong>thensaurorum</strong></span> <span class='ocrx_word' id='word_1_34' title='bbox 1044 570 1188 633; x_wconf 87' lang='lat' dir='ltr'>tiniantes</span> <span class='ocrx_word' id='word_1_35' title='bbox 1211 587 1278 633; x_wconf 88' lang='lat' dir='ltr'>sac·</span> 
     </span>
     <span class='ocr_line' id='line_1_6' title="bbox 129 669 1277 751; baseline 0.005 -23"><span class='ocrx_word' id='word_1_36' title='bbox 129 686 155 727; x_wconf 55' lang='lat' dir='ltr'>¹s</span> <span class='ocrx_word' id='word_1_37' title='bbox 167 669 250 733; x_wconf 90' lang='lat' dir='ltr'>culos</span> <span class='ocrx_word' id='word_1_38' title='bbox 271 669 467 751; x_wconf 85' lang='lat' dir='ltr'>adquirentes</span> <span class='ocrx_word' id='word_1_39' title='bbox 486 672 654 734; x_wconf 78' lang='lat' dir='ltr'>caduceum</span> <span class='ocrx_word' id='word_1_40' title='bbox 673 671 738 734; x_wconf 91' lang='lat' dir='ltr'>eius</span> <span class='ocrx_word' id='word_1_41' title='bbox 757 674 941 735; x_wconf 87' lang='lat' dir='ltr'>uenerantur</span> <span class='ocrx_word' id='word_1_42' title='bbox 959 676 1013 735; x_wconf 91' lang='lat' dir='ltr'>ant</span> <span class='ocrx_word' id='word_1_43' title='bbox 1032 672 1201 735; x_wconf 87' lang='lat' dir='ltr'>sacculum:</span> <span class='ocrx_word' id='word_1_44' title='bbox 1221 688 1277 734; x_wconf 89' lang='lat' dir='ltr'>nos</span> 
     </span>
     <span class='ocr_line' id='line_1_7' title="bbox 165 770 1364 857; baseline -0.002 -23"><span class='ocrx_word' id='word_1_45' title='bbox 165 771 350 852; x_wconf 74' lang='lat' dir='ltr'>requirimus</span> <span class='ocrx_word' id='word_1_46' title='bbox 372 773 593 837; x_wconf 90' lang='lat' dir='ltr'>thensauros</span> <span class='ocrx_word' id='word_1_47' title='bbox 615 773 647 837; x_wconf 91' lang='lat' dir='ltr'>in</span> <span class='ocrx_word' id='word_1_48' title='bbox 669 773 763 838; x_wconf 91' lang='lat' dir='ltr'>caelis</span> <span class='ocrx_word' id='word_1_49' title='bbox 784 772 949 837; x_wconf 91' lang='lat' dir='ltr'>absconsos</span> <span class='ocrx_word' id='word_1_50' title='bbox 971 778 1002 837; x_wconf 92' lang='lat' dir='ltr'>et</span> <span class='ocrx_word' id='word_1_51' title='bbox 1016 770 1025 857; x_wconf 73' lang='grc'><strong>11</strong></span> <span class='ocrx_word' id='word_1_52' title='bbox 1039 774 1164 852; x_wconf 85' lang='lat' dir='ltr'>inuisos,</span> <span class='ocrx_word' id='word_1_53' title='bbox 1187 791 1275 853; x_wconf 90' lang='lat' dir='ltr'>qnos</span> <span class='ocrx_word' id='word_1_54' title='bbox 1300 780 1364 832; x_wconf 79' lang='lat'>19·</span> 
     </span>
     <span class='ocr_line' id='line_1_8' title="bbox 123 875 1277 957; baseline 0.002 -21"><span class='ocrx_word' id='word_1_55' title='bbox 123 895 125 898; x_wconf 48' lang='lat'><strong>⁴</strong></span> <span class='ocrx_word' id='word_1_56' title='bbox 166 890 231 937; x_wconf 90' lang='lat' dir='ltr'>nec</span> <span class='ocrx_word' id='word_1_57' title='bbox 246 890 358 956; x_wconf 81' lang='lat' dir='ltr'>erugo</span> <span class='ocrx_word' id='word_1_58' title='bbox 373 875 715 957; x_wconf 87' lang='lat' dir='ltr'>adpraehenditnec</span> <span class='ocrx_word' id='word_1_59' title='bbox 726 875 821 938; x_wconf 90' lang='lat' dir='ltr'>tinia</span> <span class='ocrx_word' id='word_1_60' title='bbox 832 875 1046 956; x_wconf 79' lang='lat' dir='ltr'>corrumpit,</span> <span class='ocrx_word' id='word_1_61' title='bbox 1062 876 1192 938; x_wconf 91' lang='lat' dir='ltr'>scientes</span> <span class='ocrx_word' id='word_1_62' title='bbox 1203 891 1277 955; x_wconf 80' lang='lat' dir='ltr'>quo</span> 
     </span>
     <span class='ocr_line' id='line_1_9' title="bbox 166 975 1277 1059; baseline -0.001 -20"><span class='ocrx_word' id='word_1_63' title='bbox 166 975 251 1038; x_wconf 90' lang='lat' dir='ltr'>niam</span> <span class='ocrx_word' id='word_1_64' title='bbox 265 975 370 1039; x_wconf 90' lang='lat' dir='ltr'>diues</span> <span class='ocrx_word' id='word_1_65' title='bbox 385 993 456 1040; x_wconf 90' lang='lat' dir='ltr'>non</span> <span class='ocrx_word' id='word_1_66' title='bbox 470 977 628 1040; x_wconf 89' lang='lat' dir='ltr'>intrauit</span> <span class='ocrx_word' id='word_1_67' title='bbox 642 978 679 1041; x_wconf 93' lang='lat' dir='ltr'>in</span> <span class='ocrx_word' id='word_1_68' title='bbox 692 995 805 1059; x_wconf 87' lang='lat' dir='ltr'>regna</span> <span class='ocrx_word' id='word_1_69' title='bbox 820 977 1013 1056; x_wconf 86' lang='lat' dir='ltr'>caelorum,</span> <span class='ocrx_word' id='word_1_70' title='bbox 1035 978 1115 1040; x_wconf 91' lang='lat' dir='ltr'>sicut</span> <span class='ocrx_word' id='word_1_71' title='bbox 1129 975 1277 1040; x_wconf 88' lang='lat' dir='ltr'>scribtum</span> 
     </span>
     <span class='ocr_line' id='line_1_10' title="bbox 167 1077 1277 1162; baseline 0.001 -23"><span class='ocrx_word' id='word_1_72' title='bbox 167 1079 227 1140; x_wconf 89' lang='lat' dir='ltr'>est:</span> <span class='ocrx_word' id='word_1_73' title='bbox 244 1094 310 1161; x_wconf 79' lang='lat' dir='ltr'>age</span> <span class='ocrx_word' id='word_1_74' title='bbox 321 1095 431 1158; x_wconf 91' lang='lat' dir='ltr'>nunc,</span> <span class='ocrx_word' id='word_1_75' title='bbox 446 1079 598 1158; x_wconf 83' lang='lat' dir='ltr'>diuites,</span> <span class='ocrx_word' id='word_1_76' title='bbox 613 1079 781 1162; x_wconf 80' lang='lat' dir='ltr'>plangite</span> <span class='ocrx_word' id='word_1_77' title='bbox 792 1078 979 1141; x_wconf 90' lang='lat' dir='ltr'>ululantes</span> <span class='ocrx_word' id='word_1_78' title='bbox 991 1096 1099 1160; x_wconf 91' lang='lat' dir='ltr'>super</span> <span class='ocrx_word' id='word_1_79' title='bbox 1110 1077 1277 1141; x_wconf 87' lang='lat' dir='ltr'>miserias</span> 
     </span>
     <span class='ocr_line' id='line_1_11' title="bbox 126 1179 1279 1262; baseline 0.003 -24"><span class='ocrx_word' id='word_1_80' title='bbox 126 1182 312 1242; x_wconf 78' lang='lat' dir='ltr'>rouestras</span> <span class='ocrx_word' id='word_1_81' title='bbox 345 1197 437 1260; x_wconf 89' lang='lat' dir='ltr'>quae</span> <span class='ocrx_word' id='word_1_82' title='bbox 470 1180 738 1262; x_wconf 89' lang='lat' dir='ltr'>superueniunt</span> <span class='ocrx_word' id='word_1_83' title='bbox 770 1179 916 1244; x_wconf 89' lang='lat' dir='ltr'>diuitiis</span> <span class='ocrx_word' id='word_1_84' title='bbox 949 1180 1101 1253; x_wconf 90' lang='lat' dir='ltr'>uestris;</span> <span class='ocrx_word' id='word_1_85' title='bbox 1133 1183 1279 1261; x_wconf 89' lang='lat' dir='ltr'>putrue-</span> 
     </span>
     <span class='ocr_line' id='line_1_12' title="bbox 166 1281 1280 1355; baseline 0.001 -12"><span class='ocrx_word' id='word_1_86' title='bbox 166 1284 252 1344; x_wconf 91' lang='lat' dir='ltr'>runt</span> <span class='ocrx_word' id='word_1_87' title='bbox 273 1283 309 1344; x_wconf 95' lang='lat' dir='ltr'>et</span> <span class='ocrx_word' id='word_1_88' title='bbox 329 1281 566 1346; x_wconf 81' lang='lat' dir='ltr'>tiniauerunt&#39;</span> <span class='ocrx_word' id='word_1_89' title='bbox 582 1285 706 1346; x_wconf 89' lang='lat' dir='ltr'>uestes</span> <span class='ocrx_word' id='word_1_90' title='bbox 729 1285 888 1355; x_wconf 73' lang='lat' dir='ltr'>uestram</span> <span class='ocrx_word' id='word_1_91' title='bbox 911 1299 1037 1344; x_wconf 90' lang='lat' dir='ltr'>aurum</span> <span class='ocrx_word' id='word_1_92' title='bbox 1058 1286 1221 1344; x_wconf 86' lang='lat' dir='ltr'>uestrum</span> <span class='ocrx_word' id='word_1_93' title='bbox 1242 1283 1280 1344; x_wconf 88' lang='lat' dir='ltr'>et</span> 
     </span>
     <span class='ocr_line' id='line_1_13' title="bbox 168 1382 1277 1466; baseline 0 -22"><span class='ocrx_word' id='word_1_94' title='bbox 168 1385 361 1466; x_wconf 80' lang='lat' dir='ltr'>argentum</span> <span class='ocrx_word' id='word_1_95' title='bbox 390 1387 569 1462; x_wconf 89' lang='lat' dir='ltr'>uestrum,</span> <span class='ocrx_word' id='word_1_96' title='bbox 603 1385 695 1464; x_wconf 92' lang='lat' dir='ltr'>qnod</span> <span class='ocrx_word' id='word_1_97' title='bbox 724 1383 963 1465; x_wconf 92' lang='lat' dir='ltr'>reposuistis‚</span> <span class='ocrx_word' id='word_1_98' title='bbox 997 1383 1034 1446; x_wconf 92' lang='lat' dir='ltr'>in</span> <span class='ocrx_word' id='word_1_99' title='bbox 1063 1382 1277 1446; x_wconf 92' lang='lat' dir='ltr'>nouissimis</span> 
     </span>
     <span class='ocr_line' id='line_1_14' title="bbox 168 1483 1279 1568; baseline 0 -22"><span class='ocrx_word' id='word_1_100' title='bbox 168 1483 296 1547; x_wconf 88' lang='lat' dir='ltr'>diebus</span> <span class='ocrx_word' id='word_1_101' title='bbox 319 1484 533 1568; x_wconf 79' lang='lat' dir='ltr'>eruginabit</span> <span class='ocrx_word' id='word_1_102' title='bbox 554 1489 590 1548; x_wconf 91' lang='lat' dir='ltr'>et</span> <span class='ocrx_word' id='word_1_103' title='bbox 612 1503 721 1568; x_wconf 86' lang='lat' dir='ltr'>erugo</span> <span class='ocrx_word' id='word_1_104' title='bbox 744 1502 866 1548; x_wconf 90' lang='lat' dir='ltr'>eorum</span> <span class='ocrx_word' id='word_1_105' title='bbox 887 1485 924 1548; x_wconf 92' lang='lat' dir='ltr'>in</span> <span class='ocrx_word' id='word_1_106' title='bbox 946 1484 1199 1549; x_wconf 91' lang='lat' dir='ltr'>testimonium</span> <span class='ocrx_word' id='word_1_107' title='bbox 1220 1501 1279 1546; x_wconf 92' lang='lat' dir='ltr'>uo·</span> 
     </span>
    </p>
   </div>
   <div class='ocr_carea' id='block_1_3' title="bbox 128 1583 1280 2283">
    <p class='ocr_par' dir='ltr' id='par_1_3' title="bbox 128 1583 1280 2283">
     <span class='ocr_line' id='line_1_15' title="bbox 168 1583 1277 1668; baseline 0 -20"><span class='ocrx_word' id='word_1_108' title='bbox 168 1583 225 1648; x_wconf 89' lang='lat' dir='ltr'>bis</span> <span class='ocrx_word' id='word_1_109' title='bbox 256 1585 328 1650; x_wconf 90' lang='lat' dir='ltr'>erit</span> <span class='ocrx_word' id='word_1_110' title='bbox 358 1590 394 1650; x_wconf 88' lang='lat' dir='ltr'>et</span> <span class='ocrx_word' id='word_1_111' title='bbox 421 1587 586 1651; x_wconf 90' lang='lat' dir='ltr'>comedet</span> <span class='ocrx_word' id='word_1_112' title='bbox 614 1604 743 1650; x_wconf 90' lang='lat' dir='ltr'>carnes</span> <span class='ocrx_word' id='word_1_113' title='bbox 769 1590 914 1650; x_wconf 90' lang='lat' dir='ltr'>uestras</span> <span class='ocrx_word' id='word_1_114' title='bbox 944 1587 1041 1650; x_wconf 93' lang='lat' dir='ltr'>sicut</span> <span class='ocrx_word' id='word_1_115' title='bbox 1071 1585 1179 1668; x_wconf 81' lang='lat' dir='ltr'>ignis.</span> <span class='ocrx_word' id='word_1_116' title='bbox 1213 1583 1277 1649; x_wconf 89' lang='lat' dir='ltr'>Nos</span> 
     </span>
     <span class='ocr_line' id='line_1_16' title="bbox 128 1686 1279 1772; baseline 0.003 -26"><span class='ocrx_word' id='word_1_117' title='bbox 128 1689 273 1749; x_wconf 75' lang='lat' dir='ltr'>mantem</span> <span class='ocrx_word' id='word_1_118' title='bbox 299 1688 413 1751; x_wconf 88' lang='lat' dir='ltr'>scimus</span> <span class='ocrx_word' id='word_1_119' title='bbox 441 1689 514 1770; x_wconf 91' lang='lat' dir='ltr'>quia</span> <span class='ocrx_word' id='word_1_120' title='bbox 535 1689 622 1752; x_wconf 91' lang='lat' dir='ltr'>deus</span> <span class='ocrx_word' id='word_1_121' title='bbox 649 1689 762 1772; x_wconf 80' lang='lat' dir='ltr'>elegit</span> <span class='ocrx_word' id='word_1_122' title='bbox 788 1706 966 1770; x_wconf 90' lang='lat' dir='ltr'>pauperes</span> <span class='ocrx_word' id='word_1_123' title='bbox 992 1687 1117 1751; x_wconf 88' lang='lat' dir='ltr'>mundi</span> <span class='ocrx_word' id='word_1_124' title='bbox 1141 1686 1279 1750; x_wconf 91' lang='lat' dir='ltr'>diuites</span> 
     </span>
     <span class='ocr_line' id='line_1_17' title="bbox 169 1787 1280 1874; baseline 0 -24"><span class='ocrx_word' id='word_1_125' title='bbox 169 1787 258 1852; x_wconf 87' lang='lat' dir='ltr'>fidei</span> <span class='ocrx_word' id='word_1_126' title='bbox 279 1788 431 1854; x_wconf 89' lang='lat' dir='ltr'>heredes</span> <span class='ocrx_word' id='word_1_127' title='bbox 452 1790 564 1874; x_wconf 82' lang='lat' dir='ltr'>regni</span> <span class='ocrx_word' id='word_1_128' title='bbox 585 1788 591 1874; x_wconf 85' lang='grc' dir='ltr'>Ι</span> <span class='ocrx_word' id='word_1_129' title='bbox 608 1789 762 1854; x_wconf 89' lang='lat' dir='ltr'>Uenerem</span> <span class='ocrx_word' id='word_1_130' title='bbox 783 1793 887 1853; x_wconf 89' lang='lat' dir='ltr'>autem</span> <span class='ocrx_word' id='word_1_131' title='bbox 912 1790 999 1853; x_wconf 88' lang='lat' dir='ltr'>uelut</span> <span class='ocrx_word' id='word_1_132' title='bbox 1019 1789 1111 1852; x_wconf 90' lang='lat' dir='ltr'>deum</span> <span class='ocrx_word' id='word_1_133' title='bbox 1132 1806 1280 1851; x_wconf 85' lang='lat' dir='ltr'>ueneran-</span> 
     </span>
     <span class='ocr_line' id='line_1_18' title="bbox 170 1889 1279 1974; baseline 0 -22"><span class='ocrx_word' id='word_1_134' title='bbox 170 1893 219 1952; x_wconf 88' lang='lat' dir='ltr'>tm</span> <span class='ocrx_word' id='word_1_135' title='bbox 240 1892 295 1971; x_wconf 90' lang='lat' dir='ltr'>qui</span> <span class='ocrx_word' id='word_1_136' title='bbox 311 1895 474 1973; x_wconf 89' lang='lat' dir='ltr'>operantur</span> <span class='ocrx_word' id='word_1_137' title='bbox 495 1891 699 1974; x_wconf 89' lang='lat' dir='ltr'>turpitudines</span> <span class='ocrx_word' id='word_1_138' title='bbox 721 1895 753 1955; x_wconf 92' lang='lat' dir='ltr'>et</span> <span class='ocrx_word' id='word_1_139' title='bbox 773 1893 957 1973; x_wconf 87' lang='lat' dir='ltr'>reciprocam</span> <span class='ocrx_word' id='word_1_140' title='bbox 979 1891 1150 1954; x_wconf 85' lang='lat' dir='ltr'>mercedem</span> <span class='ocrx_word' id='word_1_141' title='bbox 1171 1889 1279 1953; x_wconf 90' lang='lat' dir='ltr'>erroris</span> 
     </span>
     <span class='ocr_line' id='line_1_19' title="bbox 171 1990 1279 2076; baseline 0.002 -22"><span class='ocrx_word' id='word_1_142' title='bbox 171 1992 339 2056; x_wconf 91' lang='lat' dir='ltr'>secundum</span> <span class='ocrx_word' id='word_1_143' title='bbox 365 1994 445 2074; x_wconf 91' lang='lat' dir='ltr'>quod</span> <span class='ocrx_word' id='word_1_144' title='bbox 472 1997 592 2076; x_wconf 91' lang='lat' dir='ltr'>oportet</span> <span class='ocrx_word' id='word_1_145' title='bbox 617 1996 790 2076; x_wconf 85' lang='lat' dir='ltr'>expectant:</span> <span class='ocrx_word' id='word_1_146' title='bbox 818 2011 873 2057; x_wconf 91' lang='lat' dir='ltr'>nos</span> <span class='ocrx_word' id='word_1_147' title='bbox 900 1997 1003 2056; x_wconf 87' lang='lat' dir='ltr'>autem</span> <span class='ocrx_word' id='word_1_148' title='bbox 1028 1992 1225 2074; x_wconf 75' lang='lat' dir='ltr'>respicientes</span> <span class='ocrx_word' id='word_1_149' title='bbox 1246 1990 1279 2056; x_wconf 88' lang='lat' dir='ltr'>iu</span> 
     </span>
     <span class='ocr_line' id='line_1_20' title="bbox 172 2092 1279 2177; baseline 0 -22"><span class='ocrx_word' id='word_1_150' title='bbox 172 2092 330 2158; x_wconf 81' lang='lat' dir='ltr'>Abraham</span> <span class='ocrx_word' id='word_1_151' title='bbox 347 2099 467 2177; x_wconf 89' lang='lat' dir='ltr'>patrem</span> <span class='ocrx_word' id='word_1_152' title='bbox 487 2099 628 2160; x_wconf 91' lang='lat' dir='ltr'>nostrum</span> <span class='ocrx_word' id='word_1_153' title='bbox 642 2098 673 2159; x_wconf 93' lang='lat' dir='ltr'>et</span> <span class='ocrx_word' id='word_1_154' title='bbox 687 2095 719 2161; x_wconf 91' lang='lat' dir='ltr'>in</span> <span class='ocrx_word' id='word_1_155' title='bbox 735 2094 856 2159; x_wconf 79' lang='lat' dir='ltr'>Sauram</span> <span class='ocrx_word' id='word_1_156' title='bbox 877 2094 1108 2176; x_wconf 87' lang='lat' dir='ltr'>pnrtmientem,</span> <span class='ocrx_word' id='word_1_157' title='bbox 1131 2110 1186 2157; x_wconf 93' lang='lat' dir='ltr'>nos</span> <span class='ocrx_word' id='word_1_158' title='bbox 1201 2093 1279 2155; x_wconf 84' lang='lat' dir='ltr'>ecla.-</span> 
     </span>
     <span class='ocr_line' id='line_1_21' title="bbox 129 2195 1278 2283; baseline 0.002 -28"><span class='ocrx_word' id='word_1_159' title='bbox 129 2195 218 2258; x_wconf 77' lang='lat' dir='ltr'>aosia</span> <span class='ocrx_word' id='word_1_160' title='bbox 245 2199 347 2262; x_wconf 63' lang='lat' dir='ltr'>matre,</span> <span class='ocrx_word' id='word_1_161' title='bbox 372 2196 447 2261; x_wconf 91' lang='lat' dir='ltr'>editi</span> <span class='ocrx_word' id='word_1_162' title='bbox 477 2200 508 2261; x_wconf 93' lang='lat' dir='ltr'>et</span> <span class='ocrx_word' id='word_1_163' title='bbox 537 2196 686 2278; x_wconf 87' lang='lat' dir='ltr'>sapientia</span> <span class='ocrx_word' id='word_1_164' title='bbox 713 2195 931 2283; x_wconf 77' lang='lat' dir='ltr'>obstetricante</span> <span class='ocrx_word' id='word_1_165' title='bbox 958 2196 1098 2278; x_wconf 91' lang='lat' dir='ltr'>producti</span> <span class='ocrx_word' id='word_1_166' title='bbox 1125 2195 1278 2259; x_wconf 87' lang='lat' dir='ltr'>tendimus</span> 
     </span>
    </p>
   </div>
   <div class='ocr_carea' id='block_1_4' title="bbox 138 2296 1340 3292">
    <p class='ocr_par' dir='ltr' id='par_1_4' title="bbox 138 2296 1340 3292">
     <span class='ocr_line' id='line_1_22' title="bbox 173 2296 1280 2380; baseline 0.001 -22"><span class='ocrx_word' id='word_1_167' title='bbox 173 2296 214 2359; x_wconf 94' lang='lat' dir='ltr'>ad</span> <span class='ocrx_word' id='word_1_168' title='bbox 240 2298 590 2363; x_wconf 90' lang='lat' dir='ltr'>consummationem</span> <span class='ocrx_word' id='word_1_169' title='bbox 623 2302 848 2377; x_wconf 87' lang='lat' dir='ltr'>sanctorum,</span> <span class='ocrx_word' id='word_1_170' title='bbox 881 2299 918 2362; x_wconf 93' lang='lat' dir='ltr'>in</span> <span class='ocrx_word' id='word_1_171' title='bbox 947 2316 1036 2380; x_wconf 88' lang='lat' dir='ltr'>opus</span> <span class='ocrx_word' id='word_1_172' title='bbox 1066 2296 1280 2375; x_wconf 91' lang='lat' dir='ltr'>ministerii,</span> 
     </span>
     <span class='ocr_line' id='line_1_23' title="bbox 172 2397 1279 2481; baseline -0.003 -19"><span class='ocrx_word' id='word_1_173' title='bbox 172 2398 208 2462; x_wconf 91' lang='lat' dir='ltr'>in</span> <span class='ocrx_word' id='word_1_174' title='bbox 230 2397 526 2463; x_wconf 78' lang='lat' dir='ltr'>aedificationem</span> <span class='ocrx_word' id='word_1_175' title='bbox 552 2400 712 2481; x_wconf 90' lang='lat' dir='ltr'>corporis</span> <span class='ocrx_word' id='word_1_176' title='bbox 739 2398 892 2480; x_wconf 78' lang='lat' dir='ltr'>Christi,</span> <span class='ocrx_word' id='word_1_177' title='bbox 921 2399 1033 2463; x_wconf 92' lang='lat' dir='ltr'>donec</span> <span class='ocrx_word' id='word_1_178' title='bbox 1055 2415 1279 2463; x_wconf 89' lang='lat' dir='ltr'>occurramus</span> 
     </span>
     <span class='ocr_line' id='line_1_24' title="bbox 174 2499 1279 2583; baseline 0 -21"><span class='ocrx_word' id='word_1_179' title='bbox 174 2501 297 2564; x_wconf 87' lang='lat' dir='ltr'>omnes</span> <span class='ocrx_word' id='word_1_180' title='bbox 324 2501 361 2564; x_wconf 92' lang='lat' dir='ltr'>in</span> <span class='ocrx_word' id='word_1_181' title='bbox 393 2501 573 2565; x_wconf 90' lang='lat' dir='ltr'>unitatem</span> <span class='ocrx_word' id='word_1_182' title='bbox 606 2501 697 2565; x_wconf 83' lang='lat' dir='ltr'>fidei</span> <span class='ocrx_word' id='word_1_183' title='bbox 729 2505 764 2564; x_wconf 91' lang='lat' dir='ltr'>et</span> <span class='ocrx_word' id='word_1_184' title='bbox 797 2501 1022 2583; x_wconf 81' lang='lat' dir='ltr'>agnitionem</span> <span class='ocrx_word' id='word_1_185' title='bbox 1055 2500 1130 2564; x_wconf 86' lang='lat' dir='ltr'>filii</span> <span class='ocrx_word' id='word_1_186' title='bbox 1158 2499 1215 2563; x_wconf 90' lang='lat' dir='ltr'>dei</span> <span class='ocrx_word' id='word_1_187' title='bbox 1243 2499 1279 2562; x_wconf 92' lang='lat' dir='ltr'>in</span> 
     </span>
     <span class='ocr_line' id='line_1_25' title="bbox 174 2600 1279 2686; baseline -0.003 -21"><span class='ocrx_word' id='word_1_188' title='bbox 174 2601 291 2665; x_wconf 90' lang='lat' dir='ltr'>uirum</span> <span class='ocrx_word' id='word_1_189' title='bbox 321 2603 541 2686; x_wconf 82' lang='lat' dir='ltr'>perfectum,</span> <span class='ocrx_word' id='word_1_190' title='bbox 570 2602 607 2667; x_wconf 92' lang='lat' dir='ltr'>in</span> <span class='ocrx_word' id='word_1_191' title='bbox 635 2620 842 2667; x_wconf 89' lang='lat' dir='ltr'>mensuram</span> <span class='ocrx_word' id='word_1_192' title='bbox 871 2603 1006 2666; x_wconf 86' lang='lat' dir='ltr'>aetatis</span> <span class='ocrx_word' id='word_1_193' title='bbox 1034 2600 1279 2683; x_wconf 91' lang='lat' dir='ltr'>plenitudinis</span> 
     </span>
     <span class='ocr_line' id='line_1_26' title="bbox 138 2699 1340 2788; baseline 0 -27"><span class='ocrx_word' id='word_1_194' title='bbox 138 2719 165 2761; x_wconf 71' lang='lat' dir='ltr'>a</span> <span class='ocrx_word' id='word_1_195' title='bbox 175 2701 321 2768; x_wconf 73' lang='lat' dir='ltr'>christi.</span> <span class='ocrx_word' id='word_1_196' title='bbox 344 2703 385 2767; x_wconf 87' lang='lat' dir='ltr'>llt</span> <span class='ocrx_word' id='word_1_197' title='bbox 398 2705 539 2785; x_wconf 90' lang='lat' dir='ltr'>quamuis</span> <span class='ocrx_word' id='word_1_198' title='bbox 554 2704 683 2768; x_wconf 89' lang='lat' dir='ltr'>adhaec</span> <span class='ocrx_word' id='word_1_199' title='bbox 698 2721 787 2768; x_wconf 90' lang='lat' dir='ltr'>nemo</span> <span class='ocrx_word' id='word_1_200' title='bbox 802 2704 929 2767; x_wconf 92' lang='lat' dir='ltr'>idoneus</span> <span class='ocrx_word' id='word_1_201' title='bbox 945 2699 1012 2788; x_wconf 72' lang='lat' dir='ltr'>sitii</span> <span class='ocrx_word' id='word_1_202' title='bbox 1022 2706 1161 2767; x_wconf 83' lang='lat' dir='ltr'>nostrum</span> <span class='ocrx_word' id='word_1_203' title='bbox 1175 2705 1277 2764; x_wconf 88' lang='lat' dir='ltr'>tamen</span> <span class='ocrx_word' id='word_1_204' title='bbox 1302 2709 1340 2761; x_wconf 77' lang='lat'>20</span> 
     </span>
     <span class='ocr_line' id='line_1_27' title="bbox 175 2804 1280 2889; baseline -0.005 -20"><span class='ocrx_word' id='word_1_205' title='bbox 175 2809 330 2886; x_wconf 81' lang='lat' dir='ltr'>potentem</span> <span class='ocrx_word' id='word_1_206' title='bbox 345 2805 459 2868; x_wconf 89' lang='lat' dir='ltr'>scimus</span> <span class='ocrx_word' id='word_1_207' title='bbox 480 2805 580 2885; x_wconf 91' lang='lat' dir='ltr'>deum,</span> <span class='ocrx_word' id='word_1_208' title='bbox 603 2807 747 2887; x_wconf 89' lang='lat' dir='ltr'>qnoniam</span> <span class='ocrx_word' id='word_1_209' title='bbox 765 2804 818 2886; x_wconf 88' lang='lat' dir='ltr'>qui</span> <span class='ocrx_word' id='word_1_210' title='bbox 835 2804 1009 2889; x_wconf 88' lang='lat' dir='ltr'>promisit</span> <span class='ocrx_word' id='word_1_211' title='bbox 1028 2807 1160 2885; x_wconf 88' lang='lat' dir='ltr'>potens</span> <span class='ocrx_word' id='word_1_212' title='bbox 1174 2805 1231 2865; x_wconf 90' lang='lat' dir='ltr'>est</span> <span class='ocrx_word' id='word_1_213' title='bbox 1244 2806 1280 2864; x_wconf 87' lang='lat' dir='ltr'>at</span> 
     </span>
     <span class='ocr_line' id='line_1_28' title="bbox 176 2902 1279 2990; baseline -0.004 -21"><span class='ocrx_word' id='word_1_214' title='bbox 176 2906 309 2980; x_wconf 87' lang='lat' dir='ltr'>facere;</span> <span class='ocrx_word' id='word_1_215' title='bbox 323 2907 390 2988; x_wconf 89' lang='lat' dir='ltr'>ipse</span> <span class='ocrx_word' id='word_1_216' title='bbox 404 2907 488 2972; x_wconf 90' lang='lat' dir='ltr'>enim</span> <span class='ocrx_word' id='word_1_217' title='bbox 502 2902 591 2971; x_wconf 83' lang='lat' dir='ltr'>dixit:</span> <span class='ocrx_word' id='word_1_218' title='bbox 611 2907 692 2988; x_wconf 88' lang='lat' dir='ltr'>quis</span> <span class='ocrx_word' id='word_1_219' title='bbox 708 2907 874 2990; x_wconf 88' lang='lat' dir='ltr'>sperauit</span> <span class='ocrx_word' id='word_1_220' title='bbox 887 2907 924 2969; x_wconf 94' lang='lat' dir='ltr'>in</span> <span class='ocrx_word' id='word_1_221' title='bbox 939 2906 1085 2971; x_wconf 90' lang='lat' dir='ltr'>domino</span> <span class='ocrx_word' id='word_1_222' title='bbox 1104 2907 1140 2968; x_wconf 91' lang='lat' dir='ltr'>et</span> <span class='ocrx_word' id='word_1_223' title='bbox 1158 2903 1279 2967; x_wconf 86' lang='lat' dir='ltr'>confu-</span> 
     </span>
     <span class='ocr_line' id='line_1_29' title="bbox 175 3006 1278 3090; baseline -0.005 -19"><span class='ocrx_word' id='word_1_224' title='bbox 175 3026 235 3071; x_wconf 89' lang='lat' dir='ltr'>sus</span> <span class='ocrx_word' id='word_1_225' title='bbox 254 3011 324 3087; x_wconf 88' lang='lat' dir='ltr'>est,</span> <span class='ocrx_word' id='word_1_226' title='bbox 345 3010 549 3090; x_wconf 87' lang='lat' dir='ltr'>permansit</span> <span class='ocrx_word' id='word_1_227' title='bbox 570 3009 606 3072; x_wconf 92' lang='lat' dir='ltr'>in</span> <span class='ocrx_word' id='word_1_228' title='bbox 622 3008 805 3073; x_wconf 87' lang='lat' dir='ltr'>mandatis</span> <span class='ocrx_word' id='word_1_229' title='bbox 820 3008 924 3071; x_wconf 93' lang='lat' dir='ltr'>illius</span> <span class='ocrx_word' id='word_1_230' title='bbox 939 3011 975 3071; x_wconf 94' lang='lat' dir='ltr'>et</span> <span class='ocrx_word' id='word_1_231' title='bbox 989 3006 1188 3069; x_wconf 85' lang='lat' dir='ltr'>derelictus</span> <span class='ocrx_word' id='word_1_232' title='bbox 1203 3008 1278 3067; x_wconf 77' lang='lat' dir='ltr'>est?</span> 
     </span>
     <span class='ocr_line' id='line_1_30' title="bbox 215 3103 1279 3191; baseline -0.007 -17"><span class='ocrx_word' id='word_1_233' title='bbox 215 3109 393 3174; x_wconf 82' lang='lat' dir='ltr'>Anathema</span> <span class='ocrx_word' id='word_1_234' title='bbox 418 3111 459 3175; x_wconf 89' lang='lat' dir='ltr'>sit</span> <span class='ocrx_word' id='word_1_235' title='bbox 486 3110 539 3191; x_wconf 91' lang='lat' dir='ltr'>qui</span> <span class='ocrx_word' id='word_1_236' title='bbox 564 3109 684 3174; x_wconf 82' lang='lat' dir='ltr'>Saulem</span> <span class='ocrx_word' id='word_1_237' title='bbox 709 3109 841 3176; x_wconf 87' lang='lat' dir='ltr'>Nebroel</span> <span class='ocrx_word' id='word_1_238' title='bbox 867 3108 988 3174; x_wconf 87' lang='lat' dir='ltr'>Samaei</span> <span class='ocrx_word' id='word_1_239' title='bbox 1013 3106 1180 3171; x_wconf 81' lang='lat' dir='ltr'>Belzebuth</span> <span class='ocrx_word' id='word_1_240' title='bbox 1200 3103 1279 3168; x_wconf 87' lang='lat' dir='ltr'>Nas-</span> 
     </span>
     <span class='ocr_line' id='line_1_31' title="bbox 143 3207 1279 3292; baseline -0.007 -16"><span class='ocrx_word' id='word_1_241' title='bbox 143 3209 307 3276; x_wconf 75' lang='lat' dir='ltr'>atonem</span> <span class='ocrx_word' id='word_1_242' title='bbox 327 3210 447 3276; x_wconf 89' lang='lat' dir='ltr'>Beliam</span> <span class='ocrx_word' id='word_1_243' title='bbox 471 3229 638 3292; x_wconf 91' lang='lat' dir='ltr'>omnesque</span> <span class='ocrx_word' id='word_1_244' title='bbox 663 3212 756 3291; x_wconf 88' lang='lat' dir='ltr'>tales,</span> <span class='ocrx_word' id='word_1_245' title='bbox 783 3212 854 3292; x_wconf 88' lang='lat' dir='ltr'>quia</span> <span class='ocrx_word' id='word_1_246' title='bbox 876 3212 1038 3274; x_wconf 89' lang='lat' dir='ltr'>daemones</span> <span class='ocrx_word' id='word_1_247' title='bbox 1061 3211 1143 3286; x_wconf 91' lang='lat' dir='ltr'>sunt,</span> <span class='ocrx_word' id='word_1_248' title='bbox 1165 3207 1279 3270; x_wconf 84' lang='lat' dir='ltr'>infelici</span> 
     </span>
    </p>
   </div>
   <div class='ocr_carea' id='block_1_5' title="bbox 176 3327 1278 3583">
    <p class='ocr_par' dir='ltr' id='par_1_5' title="bbox 176 3327 1278 3583">
     <span class='ocr_line' id='line_1_32' title="bbox 277 3327 1278 3409; baseline -0.009 -7"><span class='ocrx_word' id='word_1_249' title='bbox 277 3345 724 3409; x_wconf 71' lang='lat' dir='ltr'>ruu0.1a‚5a;uaan.1o‚as.es.</span> <span class='ocrx_word' id='word_1_250' title='bbox 776 3327 1013 3405; x_wconf 69' lang='lat' dir='ltr'>aerumnam.</span> <span class='ocrx_word' id='word_1_251' title='bbox 1068 3341 1278 3402; x_wconf 71' lang='lat' dir='ltr'>enatarem.</span> 
     </span>
     <span class='ocr_line' id='line_1_33' title="bbox 176 3425 1273 3500; baseline -0.007 -13"><span class='ocrx_word' id='word_1_252' title='bbox 176 3430 256 3487; x_wconf 77' lang='lat' dir='ltr'>alac.</span> <span class='ocrx_word' id='word_1_253' title='bbox 265 3435 290 3495; x_wconf 84' lang='lat'>5,</span> <span class='ocrx_word' id='word_1_254' title='bbox 303 3433 381 3493; x_wconf 82' lang='lat'><strong>1-3;</strong></span> <span class='ocrx_word' id='word_1_255' title='bbox 392 3429 426 3484; x_wconf 84' lang='lat' dir='ltr'>ci.</span> <span class='ocrx_word' id='word_1_256' title='bbox 437 3432 577 3499; x_wconf 79' lang='lat' dir='ltr'>Speculum</span> <span class='ocrx_word' id='word_1_257' title='bbox 586 3431 732 3500; x_wconf 72' lang='lat' dir='ltr'>depactissi</span> <span class='ocrx_word' id='word_1_258' title='bbox 744 3430 783 3483; x_wconf 87' lang='lat' dir='ltr'>ed.</span> <span class='ocrx_word' id='word_1_259' title='bbox 793 3429 924 3482; x_wconf 85' lang='lat' dir='ltr'>Weihrich</span> <span class='ocrx_word' id='word_1_260' title='bbox 935 3444 960 3496; x_wconf 87' lang='lat' dir='ltr'>p.</span> <span class='ocrx_word' id='word_1_261' title='bbox 969 3431 1027 3489; x_wconf 78' lang='lat'>395,</span> <span class='ocrx_word' id='word_1_262' title='bbox 1038 3431 1069 3482; x_wconf 83' lang='lat'>15</span> <span class='ocrx_word' id='word_1_263' title='bbox 1078 3441 1133 3494; x_wconf 86' lang='lat' dir='ltr'>sqq.</span> <span class='ocrx_word' id='word_1_264' title='bbox 1186 3428 1217 3480; x_wconf 83' lang='lat'>15</span> <span class='ocrx_word' id='word_1_265' title='bbox 1228 3425 1273 3478; x_wconf 84' lang='lat' dir='ltr'>Iac</span> 
     </span>
     <span class='ocr_line' id='line_1_34' title="bbox 176 3512 1231 3583; baseline -0.009 -11"><span class='ocrx_word' id='word_1_266' title='bbox 176 3518 236 3580; x_wconf 79' lang='lat' dir='ltr'>as.</span> <span class='ocrx_word' id='word_1_267' title='bbox 303 3515 520 3583; x_wconf 74' lang='lat' dir='ltr'>mapsam.</span> <span class='ocrx_word' id='word_1_268' title='bbox 540 3519 578 3570; x_wconf 88' lang='lat'>13.</span> <span class='ocrx_word' id='word_1_269' title='bbox 647 3517 680 3570; x_wconf 81' lang='lat' dir='ltr'>aa</span> <span class='ocrx_word' id='word_1_270' title='bbox 698 3515 774 3568; x_wconf 79' lang='lat' dir='ltr'>nom.</span> <span class='ocrx_word' id='word_1_271' title='bbox 790 3517 816 3577; x_wconf 86' lang='lat'>4,</span> <span class='ocrx_word' id='word_1_272' title='bbox 833 3516 874 3570; x_wconf 82' lang='lat' dir='ltr'>cr.</span> <span class='ocrx_word' id='word_1_273' title='bbox 941 3512 1114 3573; x_wconf 68' lang='lat' dir='ltr'>arsiaco,</span> <span class='ocrx_word' id='word_1_274' title='bbox 1134 3513 1231 3567; x_wconf 79' lang='grc'><strong>1111.</strong></span> 
     </span>
    </p>
   </div>
   <div class='ocr_carea' id='block_1_6' title="bbox 179 3628 1390 3787">
    <p class='ocr_par' dir='ltr' id='par_1_6' title="bbox 179 3628 1390 3787">
     <span class='ocr_line' id='line_1_35' title="bbox 276 3628 1268 3702; baseline -0.009 -12"><span class='ocrx_word' id='word_1_275' title='bbox 276 3638 310 3691; x_wconf 77' lang='lat'>29</span> <span class='ocrx_word' id='word_1_276' title='bbox 328 3634 429 3688; x_wconf 87' lang='lat' dir='ltr'>Saolam</span> <span class='ocrx_word' id='word_1_277' title='bbox 446 3633 558 3687; x_wconf 84' lang='lat' dir='ltr'>Nebroel</span> <span class='ocrx_word' id='word_1_278' title='bbox 575 3634 636 3702; x_wconf 85' lang='lat' dir='ltr'>etc]</span> <span class='ocrx_word' id='word_1_279' title='bbox 654 3633 686 3687; x_wconf 90' lang='lat' dir='ltr'>de</span> <span class='ocrx_word' id='word_1_280' title='bbox 703 3634 744 3689; x_wconf 86' lang='lat' dir='ltr'>hie</span> <span class='ocrx_word' id='word_1_281' title='bbox 761 3631 929 3686; x_wconf 86' lang='lat' dir='ltr'>daemonibus</span> <span class='ocrx_word' id='word_1_282' title='bbox 946 3631 997 3683; x_wconf 88' lang='lat' dir='ltr'>uid.</span> <span class='ocrx_word' id='word_1_283' title='bbox 1011 3645 1129 3698; x_wconf 86' lang='lat' dir='ltr'>eosquos</span> <span class='ocrx_word' id='word_1_284' title='bbox 1143 3628 1268 3682; x_wconf 88' lang='lat' dir='ltr'>inlibello</span> 
     </span>
     <span class='ocr_line' id='line_1_36' title="bbox 179 3717 1390 3787; baseline -0.008 -13"><span class='ocrx_word' id='word_1_285' title='bbox 179 3720 331 3774; x_wconf 85' lang='lat' dir='ltr'>&#39;Priscillian</span> <span class='ocrx_word' id='word_1_286' title='bbox 366 3720 408 3773; x_wconf 90' lang='lat' dir='ltr'>ein</span> <span class='ocrx_word' id='word_1_287' title='bbox 425 3719 570 3787; x_wconf 81' lang='lat' dir='ltr'>nauanigei.</span> <span class='ocrx_word' id='word_1_288' title='bbox 594 3718 733 3772; x_wconf 85' lang='lat' dir='ltr'>Schriitst.’</span> <span class='ocrx_word' id='word_1_289' title='bbox 756 3717 1004 3785; x_wconf 82' lang='lat' dir='ltr'>(Wirrbuig1886)</span> <span class='ocrx_word' id='word_1_290' title='bbox 1026 3718 1109 3784; x_wconf 72' lang='lat' dir='ltr'>pald.</span> <span class='ocrx_word' id='word_1_291' title='bbox 1130 3718 1160 3769; x_wconf 84' lang='grc'><strong>15</strong></span> <span class='ocrx_word' id='word_1_292' title='bbox 1182 3719 1208 3767; x_wconf 90' lang='lat' dir='ltr'>et</span> <span class='ocrx_word' id='word_1_293' title='bbox 1226 3717 1277 3766; x_wconf 83' lang='lat' dir='ltr'>not.</span> <span class='ocrx_word' id='word_1_294' title='bbox 1386 3740 1390 3746; x_wconf 95' lang='lat'><em>·</em></span> 
     </span>
    </p>
   </div>
   <div class='ocr_carea' id='block_1_7' title="bbox 178 3804 414 3860">
    <p class='ocr_par' dir='ltr' id='par_1_7' title="bbox 178 3804 414 3860">
     <span class='ocr_line' id='line_1_37' title="bbox 178 3804 414 3860; baseline -0.017 0"><span class='ocrx_word' id='word_1_295' title='bbox 178 3804 309 3860; x_wconf 86' lang='lat' dir='ltr'>nominaui</span> <span class='ocrx_word' id='word_1_296' title='bbox 326 3805 414 3858; x_wconf 86' lang='lat' dir='ltr'>libros.</span> 
     </span>
    </p>
   </div>
   <div class='ocr_carea' id='block_1_8' title="bbox 218 3923 862 4084">
    <p class='ocr_par' dir='ltr' id='par_1_8' title="bbox 218 3923 862 4084">
     <span class='ocr_line' id='line_1_38' title="bbox 218 3923 862 3990; baseline -0.005 -9"><span class='ocrx_word' id='word_1_297' title='bbox 218 3927 236 3981; x_wconf 88' lang='lat'>8</span> <span class='ocrx_word' id='word_1_298' title='bbox 255 3923 429 3990; x_wconf 67' lang='lat' dir='ltr'>liciacum]</span> <span class='ocrx_word' id='word_1_299' title='bbox 446 3923 516 3976; x_wconf 87' lang='lat' dir='ltr'>nolui</span> <span class='ocrx_word' id='word_1_300' title='bbox 536 3925 635 3976; x_wconf 83' lang='lat' dir='ltr'>mutare</span> <span class='ocrx_word' id='word_1_301' title='bbox 653 3923 679 3975; x_wconf 90' lang='lat' dir='ltr'>in</span> <span class='ocrx_word' id='word_1_302' title='bbox 701 3931 862 3981; x_wconf 57' lang='lat' dir='ltr'>intrauit</span> 
     </span>
     <span class='ocr_line' id='line_1_39' title="bbox 227 4042 404 4084; baseline -0.023 0"><span class='ocrx_word' id='word_1_303' title='bbox 227 4042 299 4084; x_wconf 77' lang='lat' dir='ltr'>xt&#39;lll.</span> <span class='ocrx_word' id='word_1_304' title='bbox 314 4042 404 4083; x_wconf 77' lang='lat' dir='ltr'>Priscill.</span> 
     </span>
    </p>
   </div>
   <div class='ocr_carea' id='block_1_9' title="bbox 0 0 1419 4688">
    <p class='ocr_par' dir='ltr' id='par_1_9' title="bbox 0 0 1419 4688">
     <span class='ocr_line' id='line_1_40' title="bbox 0 0 1419 4688; baseline 0 0"><span class='ocrx_word' id='word_1_305' title='bbox 0 0 1419 4688; x_wconf 95' lang='lat' dir='ltr'> </span> 
     </span>
    </p>
   </div>
  </div>
 </body>
</html>
