2820 4688
225 229 268 293 96
675 245 881 313 rescimus

225 402 439 467 constituimus
459 402 594 479 incuriis,
623 401 841 464 cotid'nnomm
860 401 894 464 in
915 401 1003 465 nobis
1031 402 1098 465 fieri
1125 402 1210 466 bella
1235 411 1339 468 certa-

226 504 345 568 minum
359 505 454 568 muln
467 503 639 586 spostoliois
652 502 780 565 uocibus
794 503 956 566 adoreum
969 504 1089 566 libente
1102 504 1142 566 ud
1155 523 1214 568 nos
1223 506 1337 570 Punlo:

225 622 308 673 curo
328 606 558 688 concupiscit
578 604 755 668 aduersus
769 605 949 685 spiritum,
970 606 1125 686 spiritns
1145 611 1268 670 antem
1282 610 1338 673 ud·

226 724 354 771 uersus
375 724 534 779 carnemc
562 705 651 770 baec
672 705 830 769 inuicem
851 705 924 769 sibi
944 706 1183 786 altercatur,
1205 714 1337 774 utnon

224 826 315 890 qnae
341 808 509 872 nolumus
537 807 723 886 iaciamus,
751 812 785 871 et
808 808 880 888 quia
900 805 906 891 Ι
928 807 1082 872 humanus
1108 810 1377 892 irteuegemises

224 928 334 975 scnsru
363 913 395 974 et
421 909 500 974 rstio
520 910 729 974 communium
754 909 933 992 opinionum
960 927 1023 973 non
1043 911 1151 974 statim
1178 915 1338 994 apostolici

224 1010 373 1078 remonis
394 1016 426 1078 ct
446 1011 586 1076 caelestis
607 1011 724 1075 consilii
745 1028 841 1093 cupas
854 1016 947 1090 11111,
967 1013 1163 1093 insequenter
1176 1017 1337 1095 apostulus

223 1114 348 1195 Proles,
377 1133 431 1180 cur
451 1114 648 1198 peccantibus
668 1114 756 1178 nobis
785 1115 906 1178 tenuta
925 1115 1009 1178 uitiis
1029 1133 1100 1180 caro
1121 1122 1154 1181 et
1180 1118 1337 1184 bnmsnne

223 1217 305 1282 nitue
326 1216 453 1282 umbitio
474 1214 655 1296 subluceret,
676 1216 810 1281 ostendit
823 1216 940 1280 dicem:
962 1234 1033 1281 non
1053 1221 1111 1282 est
1129 1219 1235 1284 nobis
1256 1239 1337 1285 con·

224 1319 378 1383 luctatio
406 1322 533 1383 contra
563 1335 709 1383 curnem
737 1321 773 1382 et
804 1319 1030 1400 sangninem,
1061 1321 1125 1384 sed
1156 1321 1375 1390 adnersnss

224 1419 408 1504 principes
436 1424 473 1487 et
498 1423 705 1504 potestates
733 1420 858 1485 mundi
881 1421 989 1485 huius
1016 1428 1177 1488 rectores
1205 1425 1335 1490 hurum
1393 1461 1397 1466 -

144 1522 472 1604 intenebratum,
501 1523 677 1588 aduersos
705 1524 890 1606 spiritalia
917 1525 1103 1605 nequitiae
1123 1523 1134 1610 Ι
1153 1527 1190 1590 in
1217 1529 1335 1592 caele-

223 1623 356 1700 stibns;
378 1626 459 1691 sicud
478 1629 510 1691 ct
530 1625 675 1690 lobannis
697 1625 754 1689 ait:
775 1624 852 1689 nidi
872 1630 947 1689 tres
966 1626 1119 1708 spiritns
1139 1628 1333 1695 inmundos

223 1729 405 1809 tamquam
433 1740 509 1793 tres
530 1744 638 1792 ranas
669 1729 843 1791 exeuntes
872 1727 914 1791 de
935 1745 997 1792 ore
1024 1730 1333 1812 pseudoprofetae

223 1833 260 1892 et
277 1828 320 1894 de
341 1846 401 1895 ore
419 1829 559 1895 bestiae
578 1828 678 1893 ethii
700 1833 785 1893 snnt
797 1833 872 1893 tres
890 1829 1045 1911 spiritus
1059 1830 1332 1897 daemoniorum
1345 1859 1370 1898 n

223 1931 282 2012 qui
303 1931 504 2015 procedunt
524 1931 566 1996 ad
588 1930 858 1995 conturbandos
880 1949 985 2012 reges
1006 1935 1136 2012 terrae,
1165 1935 1331 1998 etiterum

223 2031 288 2115 ipss
315 2032 416 2098 Dauid
443 2033 515 2116 quid
543 2033 575 2096 in
604 2032 691 2097 nobis
719 2037 871 2115 pugnaret
898 2031 1061 2096 ostendens
1090 2035 1147 2098 ait:
1176 2035 1331 2118 domine,

221 2133 456 2216 iniquitatem
492 2152 607 2199 meam
643 2150 707 2217 ego
740 2150 896 2217 agnosco
932 2137 968 2198 et
1001 2135 1177 2200 delictum
1212 2155 1331 2201 meum

222 2240 347 2302 contra
367 2255 423 2301 me
438 2240 495 2301 est
508 2254 662 2319 semper,
685 2239 716 2301 et
730 2235 884 2319 spostolus
906 2236 944 2299 de
960 2253 995 2300 eo
1013 2236 1141 2317 loquens
1155 2239 1213 2301 ait:
1234 2239 1330 2303 unde

223 2335 329 2420 belle,
351 2339 444 2406 nude
458 2338 556 2403 rixae
577 2337 754 2423 inprobis?
776 2354 893 2401 nonne
908 2337 949 2401 de
968 2338 1226 2405 uoluntatibus
1241 2339 1327 2424 nes-l
1341 2368 1368 2407 su

222 2438 299 2520 tris,
321 2458 411 2523 quae
434 2439 596 2505 militant
612 2439 649 2504 in
662 2439 834 2503 membris
853 2439 1011 2504 uestris?
1032 2444 1076 2520 nt,
1092 2441 1144 2522 qui
1158 2441 1330 2506 diuinorum

221 2546 452 2626 praeceptorum
473 2543 504 2608 in
527 2560 559 2606 se
581 2560 656 2625 opus
678 2543 781 2621 uellet,
810 2542 953 2606 uniuersa
973 2543 1006 2608 in
1028 2561 1061 2606 se
1082 2543 1226 2607 uitiorum
1247 2543 1330 2608 bella

221 2642 384 2711 denincens
406 2662 467 2711 non
496 2645 596 2709 solum
617 2645 716 2709 carnis
746 2643 800 2709 sed
822 2646 853 2707 et
878 2645 1099 2726 cogitationum
1123 2644 1202 2709 idest
1224 2647 1330 2727 spiri-

221 2745 348 2811 talium
377 2747 621 2829 nequitiarum
651 2746 899 2827 concupiscentiis
922 2745 1090 2809 abstineret
1111 2749 1143 2810 et
1167 2747 1328 2829 gentilium

220 2846 401 2915 dauniorum
423 2850 455 2914 in
477 2867 509 2914 se
532 2847 678 2912 ueneficio
699 2848 877 2931 despiciens,
900 2848 948 2911 cui
969 2847 1085 2911 tributa
1106 2849 1328 2931 peccaminum,
1341 2877 1368 2916 ss

221 2955 268 3020 cui
280 2952 430 3036 stipendia
440 2951 593 3028 uitiorum,
608 2950 656 3014 cui
671 2951 795 3013 timores
811 2949 1017 3028 formidinum,
1032 2951 1081 3013 cui
1095 2951 1224 3013 honores
1238 2968 1329 3032 prae-

141 3063 198 3122 111
221 3055 406 3123 tereuntinm
418 3053 600 3137 dignitatum
616 3051 734 3117 deditus
749 3053 869 3116 saeculo
883 3050 974 3116 homo
990 3051 1124 3132 deberet,
1139 3049 1329 3134 agnoscellret

320 3187 500 3254 tilulum.
553 3185 651 3256 suph.
664 3188 688 3249 6,
701 3187 740 3242 12.
794 3187 826 3241 13
844 3184 922 3254 Apoc.
937 3187 975 3247 16,
990 3186 1029 3239 13.
1044 3187 1083 3240 14.
1142 3186 1173 3240 17
1190 3184 1234 3238 Pu.
1247 3187 1287 3250 50,
1301 3189 1326 3240 5.

222 3275 393 3338 1911111.
461 3274 495 3329 28
512 3271 712 3341 conputus.

319 3397 334 3451 b
352 3393 487 3460 usuum,
506 3391 537 3447 dc
554 3392 616 3446 trior.
632 3390 696 3458 VII,
708 3393 756 3445 16:
773 3387 937 3457 Quamquam
948 3389 1030 3456 igitur
1044 3389 1122 3443 hunius
1134 3388 1326 3457 intellegentiae

218 3484 320 3536 nostrae
338 3477 433 3533 ludlolo
450 3492 509 3532 cum
526 3474 634 3530 humani
652 3490 741 3529 sensus
758 3475 878 3543 opinione
896 3475 1043 3528 communia
1062 3475 1122 3537 sint.
1141 3477 1189 3529 etc.
1300 3543 1302 3545 ι

261 3619 277 3674 8
296 3623 362 3676 culo
381 3612 479 3684 scripit,
498 3611 566 3667 uod:
585 3593 646 3670 ςυιΙ
716 3613 746 3667 11
765 3618 970 3693 potestatis,
991 3621 1002 3670 1
1020 3626 1050 3663 ex
1065 3622 1072 3669 o
1088 3609 1148 3664 fact.
1220 3612 1251 3665 12
1271 3620 1327 3670 Ne

220 3700 374 3802 tltlllt¹ae¹,
394 3723 440 3778 Αε
458 3715 485 3770 ln
503 3712 701 3783 mercatusque
719 3712 771 3766 litt.
789 3720 808 3773 ε
825 3727 960 3781 perperam
978 3711 1023 3765 lin.
1043 3711 1091 3766 del.
1146 3713 1177 3768 14
1190 3702 1325 3791 ρεευδο

218 3878 360 3954 lltloftle
463 3869 494 3925 1o
513 3826 631 3946 ἐλερειὶ,
652 3864 734 3923 tulin.
754 3867 781 3918 et
796 3866 893 3934 puncto
912 3862 961 3917 dcl.
1063 3867 1096 3919 20
1116 3856 1273 3931 volum]
1290 3863 1323 3918 cf.

218 3988 295 4043 supra
311 3973 435 4043 p.os.1⁷
511 3971 760 4048 superceptis,
785 3965 817 4021 d.
830 3967 936 4036 psus
1015 3950 1243 4046 brs'prcreoos²
1264 3977 1276 4026 ε
1294 3981 1325 4019 ex

221 4084 319 4139 lours..
338 4074 398 4128 ante
417 4083 447 4132 Ν
468 4081 558 4129 erant
642 4065 1228 4142 1111Νοεεε111εετ,1151111151.-
1342 4060 1344 4063 ’
