2820 4688
555 283 720 335 tractatur
738 280 759 335 Ι.
1175 263 1213 327 19

103 449 178 513 quos
193 432 226 499 iu
240 433 341 498 forma
354 432 444 499 (lain
459 437 495 498 et
509 434 639 499 Lamac
653 434 741 499 Enna
757 437 939 518 parturiens,
961 453 1039 517 quae
1054 437 1135 500 lacta
1149 436 1215 500 ine·

103 536 151 597 rat
165 531 174 620 ΙΙ
188 539 288 600 mater
306 535 444 600 omnium
463 535 646 616 uiuentium,
667 531 838 601 adulterata
855 538 888 601 in
906 539 997 602 deum
1017 540 1047 600 et
1062 537 1212 601 zabolicae
1236 542 1274 596 22

103 636 272 701 seductioni
287 637 481 702 consentiens
497 634 618 702 saulam
633 636 694 702 eibi
707 638 888 702 daemonem
903 642 934 703 et
948 638 1039 702 deum
1061 639 1169 702 dixerit
1184 642 1216 702 et
1312 623 1317 633 ’

103 738 264 818 maritum,
291 739 371 807 sicut
397 737 546 803 scribtum
574 742 622 803 est
648 739 681 804 in
701 740 836 821 profeta:
867 757 949 803 ecce
974 740 1149 804 indicium
1171 741 1213 804 ad

78 843 255 903 smatrem
276 843 438 905 uestram
457 840 631 920 iudicate,
653 841 738 922 quia
758 841 847 905 haec
869 858 937 905 non
958 844 1013 904 est
1031 859 1117 906 uxor
1137 860 1214 905 mea

103 959 167 1004 nec
186 956 251 1025 ego
274 959 352 1005 sum
373 942 430 1005 uir
449 941 527 1005 eius
543 946 579 1005 et
593 943 757 1006 auferam
775 943 1061 1007 fornicationem
1075 943 1214 1006 illinsa

103 1043 197 1107 facie
212 1042 333 1124 plebis
352 1060 453 1108 meae
472 1046 508 1107 et
526 1044 792 1109 moeoationem
807 1044 885 1108 eius
904 1062 923 1107 a
941 1044 1057 1107 medio
1076 1043 1214 1108 mamil-

103 1145 219 1208 larum
250 1145 343 1219 aium
369 1146 445 1210 item
475 1145 532 1210 ibi:
563 1150 599 1209 et
628 1146 791 1210 auferam
819 1146 1044 1210 uestimenta
1073 1164 1150 1209 mea
1180 1149 1215 1209 et

102 1243 428 1327 linteaminum,
451 1250 581 1312 utnon
606 1247 793 1330 cooperiat
816 1248 1084 1331 turpitudinem
1103 1265 1213 1325 suam,

63 1366 93 1405 no
104 1350 139 1410 et
160 1347 350 1413 denudabo
376 1349 594 1433 spurcitiam
620 1349 698 1412 eius
727 1349 765 1413 in
790 1353 989 1432 conspectu
1012 1352 1212 1413 amatorum

104 1449 234 1533 ipsium
258 1454 289 1515 et
310 1451 343 1516 in
361 1447 538 1536 Hieremial
559 1451 720 1534 increpans
743 1452 884 1515 dominns
908 1451 1115 1529 Hierusalem,
1136 1469 1213 1531 quae

103 1552 185 1616 facta
199 1556 247 1616 est
261 1553 398 1617 seruiens
414 1571 484 1617 cum
500 1552 571 1617 filiis
589 1554 662 1633 suis,
678 1553 752 1617 dicit
768 1554 806 1617 ad
821 1571 902 1616 eam:
919 1553 1096 1634 quomodo
1111 1552 1213 1631 dicis,

104 1670 173 1717 non
187 1670 266 1718 sum
279 1655 423 1737 polluta
437 1658 473 1718 et
486 1659 570 1738 post
583 1655 699 1719 Bahal
715 1673 784 1719 non
800 1654 897 1718 abii?
924 1673 1006 1718 ecce
1020 1655 1163 1738 respice
1177 1655 1214 1717 iu

105 1756 343 1820 multitudine
358 1756 437 1820 uias
453 1761 535 1821 tuas
551 1761 587 1820 et
601 1757 694 1835 uide,
713 1756 776 1820 ubi
795 1775 865 1820 non
884 1756 1068 1821 fornicata
1085 1757 1145 1819 sis.
1174 1755 1214 1818 nt

68 1857 243 1921 rr-llzeohiel
265 1859 321 1922 ait:
344 1859 432 1923 haec
453 1859 546 1923 dicit
567 1859 734 1924 dominns
764 1859 874 1922 ‘radix
895 1862 958 1923 tna
979 1859 1020 1922 de
1042 1862 1141 1922 terra
1156 1857 1214 1922 Oa·

105 1976 217 2039 naam,
238 1963 343 2042 pater
364 1963 449 2024 tuns
464 1959 660 2024 Amorreus
675 1964 710 2023 et
729 1964 844 2024 mater
858 1963 921 2024 tua
936 1959 1112 2033 Oetthea'3
1134 1959 1215 2022 sicut

105 2064 136 2125 et
154 2059 245 2125 alibi:
268 2062 367 2126 nocti
390 2062 606 2126 adsimilari
628 2065 782 2126 matrem
802 2065 978 2141 uestram,
1000 2060 1134 2125 similis
1157 2064 1213 2123 est

95 2161 207 2245 ‘plebs
233 2180 312 2227 mea
337 2181 406 2229 non
428 2162 583 2227 habenti
609 2164 812 2227 scientiam.
843 2162 926 2227 Sicut
948 2162 1033 2226 etin
1055 2161 1213 2244 euangelio

105 2263 218 2328 talibus
237 2265 312 2328 dicit
333 2265 424 2328 deus:
451 2282 516 2328 uos
543 2266 634 2328 estis
656 2265 714 2328 iili
740 2264 861 2327 zabuli
884 2268 919 2328 et
944 2268 1086 2348 patrem
1108 2262 1213 2326 rabu-

72 2367 178 2431 alum
203 2365 361 2430 habetis.
391 2365 464 2431 Nos
487 2370 607 2431 autem
629 2368 773 2431 nonita
799 2366 995 2430 didicimus
1018 2364 1212 2445 Christum,

104 2468 167 2531 sed
181 2468 218 2532 in
232 2464 242 2554 ΙΙ
256 2468 322 2532 1115
337 2468 470 2548 edocti,
493 2468 590 2532 sicut
605 2471 661 2532 est
679 2467 818 2532 ueritas
833 2468 870 2531 in
884 2468 982 2547 Iesn,
1004 2468 1211 2550 intellegimus
1235 2475 1273 2527 23

106 2569 250 2650 qnoniam
262 2570 320 2634 lex
335 2570 519 2652 spiritalis
534 2573 604 2649 est,
618 2587 682 2633 nos
698 2573 819 2633 antem
834 2570 999 2633 carnalos
1014 2570 1213 2634 renundati

107 2671 173 2735 suh
200 2674 360 2755 peccato,
384 2675 416 2735 et
430 2671 617 2753 spiritalibus
633 2671 782 2753 spiritalia
795 2673 995 2752 conparantes
1012 2670 1212 2749 elaboramus,

107 2776 141 2836 ut
155 2774 253 2837 sicut
266 2775 492 2856 portauimns
507 2773 702 2855 imaginem
721 2772 799 2836 eius
821 2773 881 2854 qui
895 2773 936 2836 de
951 2773 1038 2836 limo
1053 2775 1118 2850 est,
1134 2789 1212 2834 cnm

74 2873 198 2939 uuicti
219 2875 369 2939 delictis
392 2873 670 2942 ambulabamus
685 2874 722 2938 in
736 2874 839 2952 uitia,
862 2874 914 2939 ita
927 2877 1113 2958 portemus
1127 2875 1213 2936 ima·

207 3025 273 3082 151.
291 3024 354 3080 (beu.
372 3029 397 3089 4,
411 3028 444 3081 24
460 3029 487 3078 ot
502 3027 601 3092 Hilur,
619 3042 709 3080 comm.
727 3025 759 3078 a‘u
775 3026 982 3087 1155551510.
1049 3024 1139 3078 4Hos.
1152 3026 1175 3085 2,
1187 3026 1210 3077 2.

108 3111 206 3186 85an
229 3114 253 3173 2,
275 3114 300 3167 9.
324 3115 363 3167 10.
467 3112 498 3165 12
519 3109 632 3164 Hierum.
654 3114 679 3172 2,
701 3112 741 3165 23.
765 3112 805 3165 20.
908 3112 939 3165 15
960 3109 1051 3163 Erech.
1071 3112 1110 3171 16,
1128 3111 1151 3164 3.
1169 3112 1210 3163 45.

109 3198 139 3250 17
156 3196 219 3252 Hos.
233 3199 261 3259 4,
279 3200 303 3251 5.
321 3198 345 3251 b.
415 3198 446 3251 19
463 3195 501 3249 Io.
519 3198 543 3259 8,
560 3197 600 3250 44.
661 3194 777 3263 291755]
796 3194 1054 3272 5125512921.
1111 3192 1212 3261 22155]

108 3279 180 3335 Rom.
193 3283 218 3344 7,
231 3283 270 3336 14.
322 3283 355 3336 24
372 3281 394 3334 Ι.
407 3280 465 3335 Cor.
479 3283 518 3342 15,
531 3282 572 3336 49.
624 3279 801 3348 cum-uitia]
820 3278 852 3332 of.
869 3278 935 3347 Eph.
947 3282 972 3341 2,
986 3281 1008 3333 1.
1021 3282 1049 3340 5;
1067 3277 1120 3332 Col.
1133 3280 1158 3341 2,
1172 3281 1210 3332 13.

34 3391 36 3395 ·
107 3366 139 3420 25
151 3365 204 3434 ita]
223 3365 244 3420 Ι.
263 3365 321 3420 (lor.
342 3370 380 3428 15,
392 3368 439 3420 ³49.
1136 3370 1138 3373 ’

148 3518 164 3574 2
185 3456 615 3585 utottei'itbssmaoocue
722 3519 860 3603 sptem,
880 3519 964 3570 aaut
985 3515 1013 3568 in
1035 3531 1137 3575 rasum
1160 3513 1212 3567 fuir

107 3673 194 3724 eutem
221 3679 257 3730 εῐ
282 3663 394 3738 ullibi).
522 3671 538 3724 9
567 3626 783 3749 cooperuisti,
812 3677 847 3726 m
874 3666 989 3721 115151.
1112 3670 1142 3721 17
1167 3656 1212 3724 Ab

109 3771 297 3866 Simulum,
311 3786 413 3842 litterae
441 3797 463 3847 υ
490 3787 528 3854 (in
544 3789 616 3853 mu)
640 3802 699 3857 pars
716 3787 787 3854 prior
806 3784 882 3838 lineis
899 3785 985 3839 deleta
1001 3789 1047 3849 est,
1065 3789 1095 3839 ut
1111 3784 1209 3839 fieret!

111 3899 518 4018 rabuuerotbcrerouam'
605 3941 639 3994 aa
666 3918 803 4016 orrocrl,
833 3949 864 3996 ro
893 3937 1016 3992 155151.
1121 3945 1212 3994 uum

112 4049 160 4100 uu

127 4102 312 4176 portemus

1028 4190 1059 4242 ὅ).
