<?xml version="1.0" encoding="UTF-8"?>
<!DOCTYPE html PUBLIC "-//W3C//DTD XHTML 1.0 Transitional//EN"
    "http://www.w3.org/TR/xhtml1/DTD/xhtml1-transitional.dtd">
<html xmlns="http://www.w3.org/1999/xhtml" xml:lang="en" lang="en">
 <head>
  <title>
</title>
<meta http-equiv="Content-Type" content="text/html;charset=utf-8" />
  <meta name='ocr-system' content='tesseract 3.04.00' />
  <meta name='ocr-capabilities' content='ocr_page ocr_carea ocr_par ocr_line ocrx_word'/>
</head>
<body>
  <div class='ocr_page' id='page_1' title='image "./priscillianiqva02schegoog_0018.png"; bbox 0 0 2820 4688; ppageno 0'>
   <div class='ocr_carea' id='block_1_1' title="bbox 1141 247 1180 311">
    <p class='ocr_par' dir='ltr' id='par_1_1' title="bbox 1141 247 1180 311">
     <span class='ocr_line' id='line_1_1' title="bbox 1141 247 1180 311; baseline -0.128 0"><span class='ocrx_word' id='word_1_1' title='bbox 1141 247 1180 311; x_wconf 81' lang='lat' dir='ltr'><strong>XI</strong></span> 
     </span>
    </p>
   </div>
   <div class='ocr_carea' id='block_1_2' title="bbox 66 415 1262 804">
    <p class='ocr_par' dir='ltr' id='par_1_2' title="bbox 66 415 1262 804">
     <span class='ocr_line' id='line_1_2' title="bbox 69 415 1178 499; baseline -0.001 -20"><span class='ocrx_word' id='word_1_2' title='bbox 69 417 115 479; x_wconf 86' lang='lat' dir='ltr'><strong>ed.</strong></span> <span class='ocrx_word' id='word_1_3' title='bbox 132 416 242 497; x_wconf 82' lang='lat' dir='ltr'><strong>nostr.)</strong></span> <span class='ocrx_word' id='word_1_4' title='bbox 259 433 369 480; x_wconf 88' lang='lat' dir='ltr'><strong>nomen</strong></span> <span class='ocrx_word' id='word_1_5' title='bbox 385 415 575 480; x_wconf 79' lang='lat' dir='ltr'><strong>‘Amantia&#39;</strong></span> <span class='ocrx_word' id='word_1_6' title='bbox 591 417 691 481; x_wconf 89' lang='lat' dir='ltr'><strong>erasit.</strong></span> <span class='ocrx_word' id='word_1_7' title='bbox 725 416 781 498; x_wconf 87' lang='lat' dir='ltr'><strong>(Ut</strong></span> <span class='ocrx_word' id='word_1_8' title='bbox 802 418 845 481; x_wconf 89' lang='lat' dir='ltr'><strong>ita</strong></span> <span class='ocrx_word' id='word_1_9' title='bbox 867 418 1000 499; x_wconf 84' lang='lat' dir='ltr'><strong>legerem</strong></span> <span class='ocrx_word' id='word_1_10' title='bbox 1024 434 1178 480; x_wconf 85' lang='lat' dir='ltr'><strong>erasarum</strong></span> 
     </span>
     <span class='ocr_line' id='line_1_3' title="bbox 67 517 1179 598; baseline 0 -17"><span class='ocrx_word' id='word_1_11' title='bbox 67 518 240 582; x_wconf 86' lang='lat' dir='ltr'><strong>litterarum</strong></span> <span class='ocrx_word' id='word_1_12' title='bbox 263 518 381 597; x_wconf 90' lang='lat' dir='ltr'><strong>ductus,</strong></span> <span class='ocrx_word' id='word_1_13' title='bbox 404 517 556 582; x_wconf 84' lang='lat' dir='ltr'>dubitanti</span> <span class='ocrx_word' id='word_1_14' title='bbox 579 520 653 582; x_wconf 92' lang='lat' dir='ltr'><strong>mihi</strong></span> <span class='ocrx_word' id='word_1_15' title='bbox 676 523 780 582; x_wconf 88' lang='lat' dir='ltr'><strong>auctor</strong></span> <span class='ocrx_word' id='word_1_16' title='bbox 802 520 859 581; x_wconf 86' lang='lat' dir='ltr'><strong>luit</strong></span> <span class='ocrx_word' id='word_1_17' title='bbox 874 519 903 582; x_wconf 83' lang='lat' dir='ltr'><strong>S.</strong></span> <span class='ocrx_word' id='word_1_18' title='bbox 919 519 1036 582; x_wconf 89' lang='lat' dir='ltr'><strong>Brandt</strong></span> <span class='ocrx_word' id='word_1_19' title='bbox 1052 520 1179 598; x_wconf 68' lang='lat' dir='ltr'><strong>amicus</strong></span> 
     </span>
     <span class='ocr_line' id='line_1_4' title="bbox 66 618 1262 702; baseline 0.001 -20"><span class='ocrx_word' id='word_1_20' title='bbox 66 621 120 701; x_wconf 88' lang='lat' dir='ltr'><strong>qni</strong></span> <span class='ocrx_word' id='word_1_21' title='bbox 148 620 260 684; x_wconf 91' lang='lat' dir='ltr'><strong>librum</strong></span> <span class='ocrx_word' id='word_1_22' title='bbox 294 621 425 702; x_wconf 79' lang='lat' dir='ltr'>inspexit</span> <span class='ocrx_word' id='word_1_23' title='bbox 455 639 480 684; x_wconf 89' lang='lat' dir='ltr'><strong>a.</strong></span> <span class='ocrx_word' id='word_1_24' title='bbox 510 618 608 693; x_wconf 73' lang='lat'>18873</span> <span class='ocrx_word' id='word_1_25' title='bbox 638 622 674 684; x_wconf 90' lang='lat' dir='ltr'><strong>de</strong></span> <span class='ocrx_word' id='word_1_26' title='bbox 704 621 843 684; x_wconf 84' lang='lat' dir='ltr'><strong>uocabnli</strong></span> <span class='ocrx_word' id='word_1_27' title='bbox 873 621 933 683; x_wconf 90' lang='lat' dir='ltr'><strong>line</strong></span> <span class='ocrx_word' id='word_1_28' title='bbox 959 620 1060 684; x_wconf 82' lang='lat' dir='ltr'><strong>N&#39;lIA</strong></span> <span class='ocrx_word' id='word_1_29' title='bbox 1091 640 1180 683; x_wconf 91' lang='lat' dir='ltr'><strong>num·</strong></span> <span class='ocrx_word' id='word_1_30' title='bbox 1258 665 1262 675; x_wconf 83' lang='lat'><strong>.</strong></span> 
     </span>
     <span class='ocr_line' id='line_1_5' title="bbox 66 721 1180 804; baseline -0.001 -19"><span class='ocrx_word' id='word_1_31' title='bbox 66 739 162 804; x_wconf 87' lang='lat' dir='ltr'><strong>qnam</strong></span> <span class='ocrx_word' id='word_1_32' title='bbox 194 722 430 804; x_wconf 87' lang='lat' dir='ltr'><strong>dubitaueram.)</strong></span> <span class='ocrx_word' id='word_1_33' title='bbox 477 724 536 786; x_wconf 93' lang='lat' dir='ltr'><strong>Pro</strong></span> <span class='ocrx_word' id='word_1_34' title='bbox 570 721 717 786; x_wconf 89' lang='lat' dir='ltr'><strong>uocabulo</strong></span> <span class='ocrx_word' id='word_1_35' title='bbox 752 741 836 786; x_wconf 90' lang='lat' dir='ltr'><strong>eraso</strong></span> <span class='ocrx_word' id='word_1_36' title='bbox 869 723 990 786; x_wconf 79' lang='lat' dir='ltr'><strong>additur</strong></span> <span class='ocrx_word' id='word_1_37' title='bbox 1018 723 1180 786; x_wconf 82' lang='lat' dir='ltr'><strong>Tironiana</strong></span> 
     </span>
    </p>
   </div>
   <div class='ocr_carea' id='block_1_3' title="bbox 172 793 201 865">
    <p class='ocr_par' dir='ltr' id='par_1_3' title="bbox 172 793 201 865">
     <span class='ocr_line' id='line_1_6' title="bbox 172 793 201 865; baseline 0 0"><span class='ocrx_word' id='word_1_38' title='bbox 172 793 201 865; x_wconf 73' lang='lat' dir='ltr'><strong>ta</strong></span> 
     </span>
    </p>
   </div>
   <div class='ocr_carea' id='block_1_4' title="bbox 61 880 1180 3405">
    <p class='ocr_par' dir='ltr' id='par_1_4' title="bbox 62 880 1180 3012">
     <span class='ocr_line' id='line_1_7' title="bbox 66 880 1180 977; baseline 0 -30"><span class='ocrx_word' id='word_1_39' title='bbox 66 888 142 947; x_wconf 88' lang='lat' dir='ltr'><strong>nota</strong></span> <span class='ocrx_word' id='word_1_40' title='bbox 169 880 203 977; x_wconf 68' lang='lat' dir='ltr'><strong>b,</strong></span> <span class='ocrx_word' id='word_1_41' title='bbox 230 902 322 965; x_wconf 89' lang='lat' dir='ltr'><strong>quam</strong></span> <span class='ocrx_word' id='word_1_42' title='bbox 346 885 527 948; x_wconf 84' lang='lat' dir='ltr'><strong>&#39;Amantius&#39;</strong></span> <span class='ocrx_word' id='word_1_43' title='bbox 552 884 625 966; x_wconf 92' lang='lat' dir='ltr'><strong>(non</strong></span> <span class='ocrx_word' id='word_1_44' title='bbox 649 885 827 966; x_wconf 78' lang='lat' dir='ltr'><strong>‘Amantia&#39;)</strong></span> <span class='ocrx_word' id='word_1_45' title='bbox 850 885 910 967; x_wconf 83' lang='lat' dir='ltr'><strong>legi</strong></span> <span class='ocrx_word' id='word_1_46' title='bbox 931 902 1020 967; x_wconf 90' lang='lat' dir='ltr'><strong>posse</strong></span> <span class='ocrx_word' id='word_1_47' title='bbox 1043 885 1180 947; x_wconf 89' lang='lat' dir='ltr'><strong>coneedit</strong></span> 
     </span>
     <span class='ocr_line' id='line_1_8' title="bbox 66 984 1179 1068; baseline -0.001 -18"><span class='ocrx_word' id='word_1_48' title='bbox 66 984 148 1050; x_wconf 82' lang='lat' dir='ltr'><strong>Guil.</strong></span> <span class='ocrx_word' id='word_1_49' title='bbox 167 985 299 1050; x_wconf 85' lang='lat' dir='ltr'><strong>Schmitz</strong></span> <span class='ocrx_word' id='word_1_50' title='bbox 322 988 431 1049; x_wconf 85' lang='lat' dir='ltr'><strong>harum</strong></span> <span class='ocrx_word' id='word_1_51' title='bbox 453 1007 554 1050; x_wconf 91' lang='lat' dir='ltr'><strong>rerum</strong></span> <span class='ocrx_word' id='word_1_52' title='bbox 575 989 787 1068; x_wconf 87' lang='lat' dir='ltr'><strong>peritissimus,</strong></span> <span class='ocrx_word' id='word_1_53' title='bbox 811 1005 998 1067; x_wconf 89' lang='lat' dir='ltr'><strong>quamquam</strong></span> <span class='ocrx_word' id='word_1_54' title='bbox 1022 987 1119 1068; x_wconf 84' lang='lat' dir='ltr'><strong>magis</strong></span> <span class='ocrx_word' id='word_1_55' title='bbox 1142 987 1179 1049; x_wconf 91' lang='lat' dir='ltr'><strong>de</strong></span> 
     </span>
     <span class='ocr_line' id='line_1_9' title="bbox 67 1087 1179 1170; baseline -0.001 -19"><span class='ocrx_word' id='word_1_56' title='bbox 67 1087 197 1151; x_wconf 82' lang='lat' dir='ltr'><strong>‘Amius‘</strong></span> <span class='ocrx_word' id='word_1_57' title='bbox 220 1089 342 1170; x_wconf 78' lang='lat' dir='ltr'><strong>cogitat.</strong></span> <span class='ocrx_word' id='word_1_58' title='bbox 379 1089 429 1151; x_wconf 83' lang='lat' dir='ltr'><strong>Ad</strong></span> <span class='ocrx_word' id='word_1_59' title='bbox 452 1107 487 1151; x_wconf 89' lang='lat' dir='ltr'><strong>ea</strong></span> <span class='ocrx_word' id='word_1_60' title='bbox 509 1094 613 1152; x_wconf 85' lang='lat' dir='ltr'><strong>autem</strong></span> <span class='ocrx_word' id='word_1_61' title='bbox 635 1108 711 1169; x_wconf 89' lang='lat' dir='ltr'><strong>quae</strong></span> <span class='ocrx_word' id='word_1_62' title='bbox 730 1091 762 1151; x_wconf 93' lang='lat' dir='ltr'><strong>in</strong></span> <span class='ocrx_word' id='word_1_63' title='bbox 781 1089 842 1152; x_wconf 81' lang='lat' dir='ltr'><strong>ind.</strong></span> <span class='ocrx_word' id='word_1_64' title='bbox 865 1108 922 1152; x_wconf 90' lang='lat' dir='ltr'><strong>rer.</strong></span> <span class='ocrx_word' id='word_1_65' title='bbox 946 1088 983 1151; x_wconf 86' lang='lat' dir='ltr'><strong>de</strong></span> <span class='ocrx_word' id='word_1_66' title='bbox 1005 1089 1179 1151; x_wconf 88' lang='lat' dir='ltr'>nominibus</span> 
     </span>
     <span class='ocr_line' id='line_1_10' title="bbox 64 1188 1180 1273; baseline -0.002 -19"><span class='ocrx_word' id='word_1_67' title='bbox 64 1190 214 1254; x_wconf 84' lang='lat' dir='ltr'><strong>Amantia</strong></span> <span class='ocrx_word' id='word_1_68' title='bbox 235 1189 289 1272; x_wconf 90' lang='lat'><strong>(=</strong></span> <span class='ocrx_word' id='word_1_69' title='bbox 312 1189 475 1272; x_wconf 79' lang='lat' dir='ltr'><strong>Gelicbte),</strong></span> <span class='ocrx_word' id='word_1_70' title='bbox 498 1191 662 1254; x_wconf 79' lang='lat' dir='ltr'><strong>Amantius</strong></span> <span class='ocrx_word' id='word_1_71' title='bbox 685 1191 824 1273; x_wconf 78' lang='lat' dir='ltr'><strong>congessi</strong></span> <span class='ocrx_word' id='word_1_72' title='bbox 846 1192 876 1253; x_wconf 90' lang='lat' dir='ltr'><strong>b.</strong></span> <span class='ocrx_word' id='word_1_73' title='bbox 897 1192 917 1254; x_wconf 88' lang='lat' dir='ltr'><strong>l.</strong></span> <span class='ocrx_word' id='word_1_74' title='bbox 941 1188 1113 1253; x_wconf 81' lang='lat' dir='ltr'><strong>addendum</strong></span> <span class='ocrx_word' id='word_1_75' title='bbox 1133 1193 1180 1252; x_wconf 86' lang='lat' dir='ltr'><strong>est</strong></span> 
     </span>
     <span class='ocr_line' id='line_1_11' title="bbox 64 1276 1179 1374; baseline -0.002 -18"><span class='ocrx_word' id='word_1_76' title='bbox 64 1292 305 1371; x_wconf 82' lang='lat' dir='ltr'><strong>Priscillianum,</strong></span> <span class='ocrx_word' id='word_1_77' title='bbox 337 1293 363 1355; x_wconf 91' lang='lat' dir='ltr'><strong>si</strong></span> <span class='ocrx_word' id='word_1_78' title='bbox 392 1291 523 1374; x_wconf 88' lang='lat' dir='ltr'><strong>Sulpicio</strong></span> <span class='ocrx_word' id='word_1_79' title='bbox 551 1276 662 1357; x_wconf 72' lang='lat' dir='ltr'><strong>Seuero</strong></span> <span class='ocrx_word' id='word_1_80' title='bbox 684 1294 844 1372; x_wconf 86' lang='lat' dir='ltr'><strong>credimus,</strong></span> <span class='ocrx_word' id='word_1_81' title='bbox 874 1293 1072 1357; x_wconf 86' lang='lat' dir='ltr'><strong>Ilnchrotiam</strong></span> <span class='ocrx_word' id='word_1_82' title='bbox 1102 1294 1179 1356; x_wconf 88' lang='lat' dir='ltr'><strong>eius-</strong></span> 
     </span>
     <span class='ocr_line' id='line_1_12' title="bbox 64 1394 1180 1477; baseline -0.001 -19"><span class='ocrx_word' id='word_1_83' title='bbox 64 1414 125 1476; x_wconf 89' lang='lat' dir='ltr'><strong>que</strong></span> <span class='ocrx_word' id='word_1_84' title='bbox 159 1394 255 1458; x_wconf 89' lang='lat' dir='ltr'><strong>filiam</strong></span> <span class='ocrx_word' id='word_1_85' title='bbox 284 1395 445 1458; x_wconf 87' lang='lat' dir='ltr'><strong>Proculam</strong></span> <span class='ocrx_word' id='word_1_86' title='bbox 474 1413 608 1474; x_wconf 87' lang='lat' dir='ltr'><strong>amasse,</strong></span> <span class='ocrx_word' id='word_1_87' title='bbox 639 1397 675 1458; x_wconf 91' lang='lat' dir='ltr'><strong>de</strong></span> <span class='ocrx_word' id='word_1_88' title='bbox 702 1394 849 1459; x_wconf 83' lang='lat' dir='ltr'><strong>Amantia</strong></span> <span class='ocrx_word' id='word_1_89' title='bbox 877 1395 997 1477; x_wconf 92' lang='lat' dir='ltr'><strong>proprie</strong></span> <span class='ocrx_word' id='word_1_90' title='bbox 1028 1395 1071 1458; x_wconf 90' lang='lat' dir='ltr'><strong>sic</strong></span> <span class='ocrx_word' id='word_1_91' title='bbox 1101 1396 1180 1458; x_wconf 89' lang='lat' dir='ltr'><strong>dicta</strong></span> 
     </span>
     <span class='ocr_line' id='line_1_13' title="bbox 64 1496 1179 1579; baseline 0 -18"><span class='ocrx_word' id='word_1_92' title='bbox 64 1498 108 1561; x_wconf 93' lang='lat' dir='ltr'><strong>nil</strong></span> <span class='ocrx_word' id='word_1_93' title='bbox 130 1501 286 1570; x_wconf 83' lang='lat' dir='ltr'><strong>constare;</strong></span> <span class='ocrx_word' id='word_1_94' title='bbox 309 1516 363 1579; x_wconf 93' lang='lat' dir='ltr'><strong>pro</strong></span> <span class='ocrx_word' id='word_1_95' title='bbox 388 1496 572 1560; x_wconf 83' lang='lat' dir='ltr'><strong>‘Arnantius&#39;</strong></span> <span class='ocrx_word' id='word_1_96' title='bbox 596 1498 770 1561; x_wconf 86' lang='lat' dir='ltr'><strong>uocatiuum</strong></span> <span class='ocrx_word' id='word_1_97' title='bbox 787 1498 933 1561; x_wconf 86' lang='lat' dir='ltr'><strong>‘Amanti‘</strong></span> <span class='ocrx_word' id='word_1_98' title='bbox 949 1498 1114 1572; x_wconf 81' lang='lat' dir='ltr'><strong>desiderari</strong></span> <span class='ocrx_word' id='word_1_99' title='bbox 1129 1497 1179 1561; x_wconf 81' lang='lat' dir='ltr'><strong>uix</strong></span> 
     </span>
     <span class='ocr_line' id='line_1_14' title="bbox 64 1598 1178 1683; baseline -0.004 -19"><span class='ocrx_word' id='word_1_100' title='bbox 64 1601 254 1664; x_wconf 88' lang='lat' dir='ltr'><strong>monendum</strong></span> <span class='ocrx_word' id='word_1_101' title='bbox 277 1604 339 1672; x_wconf 81' lang='lat' dir='ltr'><strong>est3</strong></span> <span class='ocrx_word' id='word_1_102' title='bbox 364 1618 469 1662; x_wconf 89' lang='lat' dir='ltr'><strong>uocem</strong></span> <span class='ocrx_word' id='word_1_103' title='bbox 493 1618 564 1662; x_wconf 89' lang='lat' dir='ltr'><strong>uero</strong></span> <span class='ocrx_word' id='word_1_104' title='bbox 588 1600 689 1663; x_wconf 80' lang='lat' dir='ltr'><strong>‘Felix&#39;</strong></span> <span class='ocrx_word' id='word_1_105' title='bbox 712 1604 781 1683; x_wconf 88' lang='lat' dir='ltr'><strong>post</strong></span> <span class='ocrx_word' id='word_1_106' title='bbox 797 1601 882 1682; x_wconf 85' lang='lat' dir='ltr'><strong>‘lege&#39;</strong></span> <span class='ocrx_word' id='word_1_107' title='bbox 906 1599 980 1681; x_wconf 89' lang='lat' dir='ltr'><strong>(uid.</strong></span> <span class='ocrx_word' id='word_1_108' title='bbox 996 1620 1025 1682; x_wconf 89' lang='lat' dir='ltr'><strong>p.</strong></span> <span class='ocrx_word' id='word_1_109' title='bbox 1042 1599 1093 1679; x_wconf 77' lang='lat'><strong>56,</strong></span> <span class='ocrx_word' id='word_1_110' title='bbox 1114 1598 1178 1682; x_wconf 78' lang='lat'><strong>27),</strong></span> 
     </span>
     <span class='ocr_line' id='line_1_15' title="bbox 64 1702 1178 1784; baseline -0.002 -18"><span class='ocrx_word' id='word_1_111' title='bbox 64 1722 104 1766; x_wconf 86' lang='lat' dir='ltr'><strong>ne</strong></span> <span class='ocrx_word' id='word_1_112' title='bbox 133 1705 166 1764; x_wconf 90' lang='lat' dir='ltr'><strong>et</strong></span> <span class='ocrx_word' id='word_1_113' title='bbox 195 1703 294 1781; x_wconf 89' lang='lat' dir='ltr'><strong>ipsam</strong></span> <span class='ocrx_word' id='word_1_114' title='bbox 325 1720 380 1783; x_wconf 95' lang='lat' dir='ltr'><strong>pro</strong></span> <span class='ocrx_word' id='word_1_115' title='bbox 411 1703 534 1764; x_wconf 87' lang='lat' dir='ltr'><strong>nomine</strong></span> <span class='ocrx_word' id='word_1_116' title='bbox 564 1704 684 1783; x_wconf 90' lang='lat' dir='ltr'><strong>proprio</strong></span> <span class='ocrx_word' id='word_1_117' title='bbox 711 1702 878 1765; x_wconf 87' lang='lat' dir='ltr'><strong>habeamus</strong></span> <span class='ocrx_word' id='word_1_118' title='bbox 908 1703 959 1783; x_wconf 78' lang='lat' dir='ltr'><strong>(cf.</strong></span> <span class='ocrx_word' id='word_1_119' title='bbox 983 1721 1009 1765; x_wconf 92' lang='lat' dir='ltr'><strong>e.</strong></span> <span class='ocrx_word' id='word_1_120' title='bbox 1031 1722 1061 1784; x_wconf 85' lang='lat' dir='ltr'><strong>g.</strong></span> <span class='ocrx_word' id='word_1_121' title='bbox 1085 1702 1178 1780; x_wconf 83' lang='lat' dir='ltr'><strong>Rode,</strong></span> 
     </span>
     <span class='ocr_line' id='line_1_16' title="bbox 64 1801 1177 1886; baseline -0.001 -19"><span class='ocrx_word' id='word_1_122' title='bbox 64 1805 219 1868; x_wconf 85' lang='lat' dir='ltr'><strong>Damasus</strong></span> <span class='ocrx_word' id='word_1_123' title='bbox 235 1824 263 1885; x_wconf 92' lang='lat' dir='ltr'><strong>p.</strong></span> <span class='ocrx_word' id='word_1_124' title='bbox 280 1803 335 1876; x_wconf 74' lang='lat'><strong>103</strong></span> <span class='ocrx_word' id='word_1_125' title='bbox 352 1804 488 1866; x_wconf 80' lang='lat' dir='ltr'><strong>Faustin.</strong></span> <span class='ocrx_word' id='word_1_126' title='bbox 507 1808 537 1866; x_wconf 86' lang='lat' dir='ltr'><strong>et</strong></span> <span class='ocrx_word' id='word_1_127' title='bbox 553 1804 688 1867; x_wconf 81' lang='lat' dir='ltr'><strong>Marcell.</strong></span> <span class='ocrx_word' id='word_1_128' title='bbox 702 1803 754 1867; x_wconf 92' lang='lat' dir='ltr'><strong>lib.</strong></span> <span class='ocrx_word' id='word_1_129' title='bbox 769 1823 860 1884; x_wconf 84' lang='lat' dir='ltr'><strong>prec,</strong></span> <span class='ocrx_word' id='word_1_130' title='bbox 872 1804 978 1886; x_wconf 84' lang='lat' dir='ltr'><strong>Migne</strong></span> <span class='ocrx_word' id='word_1_131' title='bbox 993 1804 1042 1882; x_wconf 86' lang='lat'><strong>13,</strong></span> <span class='ocrx_word' id='word_1_132' title='bbox 1055 1801 1093 1865; x_wconf 91' lang='grc'><strong>81</strong></span> <span class='ocrx_word' id='word_1_133' title='bbox 1108 1804 1177 1884; x_wconf 88' lang='lat' dir='ltr'><strong>sq.)‚</strong></span> 
     </span>
     <span class='ocr_line' id='line_1_17' title="bbox 69 1905 1177 1986; baseline -0.002 -17"><span class='ocrx_word' id='word_1_134' title='bbox 69 1924 175 1970; x_wconf 89' lang='lat' dir='ltr'><strong>moneo</strong></span> <span class='ocrx_word' id='word_1_135' title='bbox 203 1907 295 1969; x_wconf 88' lang='lat' dir='ltr'><strong>etiam</strong></span> <span class='ocrx_word' id='word_1_136' title='bbox 322 1907 354 1968; x_wconf 91' lang='lat' dir='ltr'><strong>in</strong></span> <span class='ocrx_word' id='word_1_137' title='bbox 377 1905 534 1968; x_wconf 83' lang='lat' dir='ltr'><strong>Theodulli</strong></span> <span class='ocrx_word' id='word_1_138' title='bbox 558 1906 659 1968; x_wconf 88' lang='lat' dir='ltr'><strong>bibliis</strong></span> <span class='ocrx_word' id='word_1_139' title='bbox 687 1910 718 1968; x_wconf 90' lang='lat' dir='ltr'><strong>et</strong></span> <span class='ocrx_word' id='word_1_140' title='bbox 743 1907 773 1967; x_wconf 94' lang='lat' dir='ltr'><strong>in</strong></span> <span class='ocrx_word' id='word_1_141' title='bbox 796 1907 860 1968; x_wconf 80' lang='lat' dir='ltr'><strong>cod.</strong></span> <span class='ocrx_word' id='word_1_142' title='bbox 885 1906 919 1984; x_wconf 87' lang='lat' dir='ltr'><strong>L,</strong></span> <span class='ocrx_word' id='word_1_143' title='bbox 950 1906 1120 1986; x_wconf 85' lang='lat' dir='ltr'><strong>dequibus</strong></span> <span class='ocrx_word' id='word_1_144' title='bbox 1147 1909 1177 1967; x_wconf 92' lang='lat' dir='ltr'><strong>in</strong></span> 
     </span>
     <span class='ocr_line' id='line_1_18' title="bbox 68 2002 1177 2090; baseline -0.001 -19"><span class='ocrx_word' id='word_1_145' title='bbox 68 2026 129 2089; x_wconf 87' lang='lat' dir='ltr'><strong>cap.</strong></span> <span class='ocrx_word' id='word_1_146' title='bbox 153 2008 203 2071; x_wconf 89' lang='lat' dir='ltr'><strong>HI</strong></span> <span class='ocrx_word' id='word_1_147' title='bbox 225 2025 325 2089; x_wconf 85' lang='lat' dir='ltr'><strong>agam,</strong></span> <span class='ocrx_word' id='word_1_148' title='bbox 355 2009 535 2088; x_wconf 89' lang='lat' dir='ltr'><strong>inscriptum</strong></span> <span class='ocrx_word' id='word_1_149' title='bbox 563 2027 629 2071; x_wconf 87' lang='lat' dir='ltr'><strong>esse</strong></span> <span class='ocrx_word' id='word_1_150' title='bbox 657 2009 734 2090; x_wconf 85' lang='lat' dir='ltr'><strong>‘lege</strong></span> <span class='ocrx_word' id='word_1_151' title='bbox 755 2002 837 2071; x_wconf 82' lang='lat' dir='ltr'><strong>felix&#39;</strong></span> <span class='ocrx_word' id='word_1_152' title='bbox 860 2027 914 2090; x_wconf 95' lang='lat' dir='ltr'><strong>pro</strong></span> <span class='ocrx_word' id='word_1_153' title='bbox 937 2008 1078 2071; x_wconf 91' lang='lat' dir='ltr'><strong>sollemni</strong></span> <span class='ocrx_word' id='word_1_154' title='bbox 1102 2008 1177 2089; x_wconf 84' lang='lat' dir='ltr'><strong>‘lege</strong></span> 
     </span>
     <span class='ocr_line' id='line_1_19' title="bbox 66 2110 1177 2192; baseline -0.002 -18"><span class='ocrx_word' id='word_1_155' title='bbox 66 2110 214 2174; x_wconf 80' lang='lat' dir='ltr'><strong>feliciter.</strong></span> <span class='ocrx_word' id='word_1_156' title='bbox 252 2110 310 2174; x_wconf 83' lang='lat' dir='ltr'><strong>Sed</strong></span> <span class='ocrx_word' id='word_1_157' title='bbox 334 2115 364 2172; x_wconf 89' lang='lat' dir='ltr'><strong>et</strong></span> <span class='ocrx_word' id='word_1_158' title='bbox 378 2110 453 2172; x_wconf 91' lang='lat' dir='ltr'><strong>illud</strong></span> <span class='ocrx_word' id='word_1_159' title='bbox 468 2110 595 2172; x_wconf 89' lang='lat' dir='ltr'><strong>dubium</strong></span> <span class='ocrx_word' id='word_1_160' title='bbox 612 2115 667 2188; x_wconf 88' lang='lat' dir='ltr'><strong>est,</strong></span> <span class='ocrx_word' id='word_1_161' title='bbox 691 2114 794 2173; x_wconf 90' lang='lat' dir='ltr'><strong>utrum</strong></span> <span class='ocrx_word' id='word_1_162' title='bbox 817 2114 881 2173; x_wconf 89' lang='lat' dir='ltr'><strong>tota</strong></span> <span class='ocrx_word' id='word_1_163' title='bbox 904 2110 1083 2192; x_wconf 88' lang='lat' dir='ltr'><strong>subscriptio</strong></span> <span class='ocrx_word' id='word_1_164' title='bbox 1100 2111 1177 2192; x_wconf 86' lang='lat' dir='ltr'><strong>‘lege</strong></span> 
     </span>
     <span class='ocr_line' id='line_1_20' title="bbox 64 2212 1178 2295; baseline -0.002 -18"><span class='ocrx_word' id='word_1_165' title='bbox 64 2214 136 2277; x_wconf 84' lang='lat' dir='ltr'><strong>felix</strong></span> <span class='ocrx_word' id='word_1_166' title='bbox 151 2213 323 2275; x_wconf 92' lang='lat' dir='ltr'><strong>-domino</strong></span> <span class='ocrx_word' id='word_1_167' title='bbox 346 2214 460 2275; x_wconf 77' lang='lat' dir='ltr'><strong>nostro&#39;</strong></span> <span class='ocrx_word' id='word_1_168' title='bbox 487 2212 525 2275; x_wconf 88' lang='lat' dir='ltr'><strong>ab</strong></span> <span class='ocrx_word' id='word_1_169' title='bbox 552 2215 617 2294; x_wconf 90' lang='lat' dir='ltr'><strong>ipso</strong></span> <span class='ocrx_word' id='word_1_170' title='bbox 639 2214 829 2276; x_wconf 88' lang='lat' dir='ltr'><strong>Priscilliano</strong></span> <span class='ocrx_word' id='word_1_171' title='bbox 858 2215 993 2295; x_wconf 85' lang='lat' dir='ltr'><strong>prolecta</strong></span> <span class='ocrx_word' id='word_1_172' title='bbox 1023 2215 1063 2276; x_wconf 89' lang='lat' dir='ltr'><strong>sit</strong></span> <span class='ocrx_word' id='word_1_173' title='bbox 1092 2231 1130 2276; x_wconf 88' lang='lat' dir='ltr'><strong>an</strong></span> <span class='ocrx_word' id='word_1_174' title='bbox 1160 2231 1178 2275; x_wconf 91' lang='lat' dir='ltr'><strong>a</strong></span> 
     </span>
     <span class='ocr_line' id='line_1_21' title="bbox 63 2314 1177 2396; baseline -0.003 -16"><span class='ocrx_word' id='word_1_175' title='bbox 63 2317 188 2380; x_wconf 91' lang='lat' dir='ltr'><strong>librario</strong></span> <span class='ocrx_word' id='word_1_176' title='bbox 218 2333 295 2378; x_wconf 91' lang='lat' dir='ltr'><strong>saec.</strong></span> <span class='ocrx_word' id='word_1_177' title='bbox 317 2314 441 2393; x_wconf 89' lang='lat' dir='ltr'>V-VI,</span> <span class='ocrx_word' id='word_1_178' title='bbox 472 2334 569 2395; x_wconf 90' lang='lat' dir='ltr'><strong>neque</strong></span> <span class='ocrx_word' id='word_1_179' title='bbox 600 2316 656 2378; x_wconf 91' lang='lat' dir='ltr'><strong>hoc</strong></span> <span class='ocrx_word' id='word_1_180' title='bbox 685 2317 789 2395; x_wconf 88' lang='lat' dir='ltr'><strong>liquet,</strong></span> <span class='ocrx_word' id='word_1_181' title='bbox 823 2335 875 2379; x_wconf 90' lang='lat' dir='ltr'><strong>cur</strong></span> <span class='ocrx_word' id='word_1_182' title='bbox 907 2316 939 2378; x_wconf 93' lang='lat' dir='ltr'><strong>in</strong></span> <span class='ocrx_word' id='word_1_183' title='bbox 967 2317 1033 2396; x_wconf 87' lang='lat' dir='ltr'><strong>ipso</strong></span> <span class='ocrx_word' id='word_1_184' title='bbox 1066 2315 1177 2378; x_wconf 89' lang='lat' dir='ltr'><strong>codicis</strong></span> 
     </span>
     <span class='ocr_line' id='line_1_22' title="bbox 62 2415 1178 2500; baseline -0.001 -19"><span class='ocrx_word' id='word_1_185' title='bbox 62 2419 211 2500; x_wconf 90' lang='lat' dir='ltr'><strong>principio</strong></span> <span class='ocrx_word' id='word_1_186' title='bbox 235 2443 274 2471; x_wconf 92' lang='lat'>=</span> <span class='ocrx_word' id='word_1_187' title='bbox 297 2437 326 2499; x_wconf 88' lang='lat' dir='ltr'><strong>p.</strong></span> <span class='ocrx_word' id='word_1_188' title='bbox 343 2417 373 2495; x_wconf 86' lang='lat'><strong>3,</strong></span> <span class='ocrx_word' id='word_1_189' title='bbox 389 2415 408 2477; x_wconf 91' lang='lat'>9</span> <span class='ocrx_word' id='word_1_190' title='bbox 425 2418 470 2479; x_wconf 89' lang='lat' dir='ltr'><strong>cd.</strong></span> <span class='ocrx_word' id='word_1_191' title='bbox 484 2421 577 2480; x_wconf 88' lang='lat' dir='ltr'><strong>nostr.</strong></span> <span class='ocrx_word' id='word_1_192' title='bbox 595 2419 717 2480; x_wconf 86' lang='lat' dir='ltr'><strong>nomina</strong></span> <span class='ocrx_word' id='word_1_193' title='bbox 733 2418 885 2481; x_wconf 86' lang='lat' dir='ltr'><strong>Tiberiani</strong></span> <span class='ocrx_word' id='word_1_194' title='bbox 901 2421 931 2482; x_wconf 90' lang='lat' dir='ltr'><strong>et</strong></span> <span class='ocrx_word' id='word_1_195' title='bbox 944 2417 1057 2481; x_wconf 88' lang='lat' dir='ltr'><strong>Asarbi</strong></span> <span class='ocrx_word' id='word_1_196' title='bbox 1072 2418 1178 2481; x_wconf 88' lang='lat' dir='ltr'><strong>haere-</strong></span> 
     </span>
     <span class='ocr_line' id='line_1_23' title="bbox 62 2519 1177 2597; baseline -0.004 -12"><span class='ocrx_word' id='word_1_197' title='bbox 62 2522 195 2585; x_wconf 89' lang='lat' dir='ltr'><strong>ticorum</strong></span> <span class='ocrx_word' id='word_1_198' title='bbox 217 2538 277 2583; x_wconf 94' lang='lat' dir='ltr'><strong>non</strong></span> <span class='ocrx_word' id='word_1_199' title='bbox 300 2519 399 2582; x_wconf 88' lang='lat' dir='ltr'><strong>deleta</strong></span> <span class='ocrx_word' id='word_1_200' title='bbox 422 2520 492 2597; x_wconf 89' lang='lat' dir='ltr'><strong>sint,</strong></span> <span class='ocrx_word' id='word_1_201' title='bbox 516 2537 626 2582; x_wconf 93' lang='lat' dir='ltr'><strong>nomen</strong></span> <span class='ocrx_word' id='word_1_202' title='bbox 648 2520 811 2583; x_wconf 88' lang='lat' dir='ltr'><strong>Amantiae</strong></span> <span class='ocrx_word' id='word_1_203' title='bbox 837 2526 959 2584; x_wconf 84' lang='lat' dir='ltr'><strong>exstans</strong></span> <span class='ocrx_word' id='word_1_204' title='bbox 985 2521 1051 2584; x_wconf 89' lang='lat' dir='ltr'><strong>loco</strong></span> <span class='ocrx_word' id='word_1_205' title='bbox 1077 2521 1177 2582; x_wconf 90' lang='lat' dir='ltr'><strong>minus</strong></span> 
     </span>
     <span class='ocr_line' id='line_1_24' title="bbox 62 2621 1178 2706; baseline 0 -21"><span class='ocrx_word' id='word_1_206' title='bbox 62 2623 235 2706; x_wconf 89' lang='lat' dir='ltr'><strong>periculoso</strong></span> <span class='ocrx_word' id='word_1_207' title='bbox 257 2623 399 2685; x_wconf 89' lang='lat' dir='ltr'><strong>deletum.</strong></span> <span class='ocrx_word' id='word_1_208' title='bbox 445 2621 531 2700; x_wconf 79' lang='lat' dir='ltr'><strong>Quod</strong></span> <span class='ocrx_word' id='word_1_209' title='bbox 554 2641 624 2684; x_wconf 90' lang='lat' dir='ltr'><strong>uero</strong></span> <span class='ocrx_word' id='word_1_210' title='bbox 647 2623 711 2684; x_wconf 90' lang='lat' dir='ltr'><strong>folii</strong></span> <span class='ocrx_word' id='word_1_211' title='bbox 733 2621 1178 2700; x_wconf 75' lang='lat' dir='ltr'><strong>32¹,93-95¹eo121¹ma1·-</strong></span> 
     </span>
     <span class='ocr_line' id='line_1_25' title="bbox 62 2724 1177 2807; baseline -0.001 -19"><span class='ocrx_word' id='word_1_212' title='bbox 62 2727 150 2807; x_wconf 87' lang='lat' dir='ltr'><strong>gines</strong></span> <span class='ocrx_word' id='word_1_213' title='bbox 172 2725 281 2787; x_wconf 89' lang='lat' dir='ltr'><strong>resecti</strong></span> <span class='ocrx_word' id='word_1_214' title='bbox 307 2727 388 2802; x_wconf 91' lang='lat' dir='ltr'><strong>sunt,</strong></span> <span class='ocrx_word' id='word_1_215' title='bbox 419 2724 446 2786; x_wconf 90' lang='lat' dir='ltr'><strong>si</strong></span> <span class='ocrx_word' id='word_1_216' title='bbox 472 2742 563 2803; x_wconf 86' lang='lat' dir='ltr'><strong>quern</strong></span> <span class='ocrx_word' id='word_1_217' title='bbox 592 2724 685 2803; x_wconf 85' lang='lat' dir='ltr'><strong>iuuat,</strong></span> <span class='ocrx_word' id='word_1_218' title='bbox 716 2725 818 2787; x_wconf 88' lang='lat' dir='ltr'><strong>credat</strong></span> <span class='ocrx_word' id='word_1_219' title='bbox 848 2725 941 2788; x_wconf 89' lang='lat' dir='ltr'><strong>etiarn</strong></span> <span class='ocrx_word' id='word_1_220' title='bbox 969 2725 1002 2788; x_wconf 91' lang='lat' dir='ltr'><strong>in</strong></span> <span class='ocrx_word' id='word_1_221' title='bbox 1027 2726 1074 2788; x_wconf 78' lang='lat' dir='ltr'><strong>hir</strong></span> <span class='ocrx_word' id='word_1_222' title='bbox 1104 2725 1177 2788; x_wconf 79' lang='lat' dir='ltr'><strong>olIm</strong></span> 
     </span>
     <span class='ocr_line' id='line_1_26' title="bbox 62 2826 1175 2908; baseline -0.002 -17"><span class='ocrx_word' id='word_1_223' title='bbox 62 2829 159 2891; x_wconf 85' lang='lat' dir='ltr'><strong>fuisse</strong></span> <span class='ocrx_word' id='word_1_224' title='bbox 190 2826 354 2908; x_wconf 88' lang='lat' dir='ltr'><strong>quaedam,</strong></span> <span class='ocrx_word' id='word_1_225' title='bbox 383 2844 460 2907; x_wconf 88' lang='lat' dir='ltr'><strong>quae</strong></span> <span class='ocrx_word' id='word_1_226' title='bbox 489 2827 674 2906; x_wconf 86' lang='lat' dir='ltr'><strong>inquisitoris</strong></span> <span class='ocrx_word' id='word_1_227' title='bbox 703 2827 797 2889; x_wconf 88' lang='lat' dir='ltr'><strong>oculis</strong></span> <span class='ocrx_word' id='word_1_228' title='bbox 824 2826 1030 2890; x_wconf 87' lang='lat' dir='ltr'><strong>subtrahenda</strong></span> <span class='ocrx_word' id='word_1_229' title='bbox 1058 2831 1175 2901; x_wconf 88' lang='lat' dir='ltr'><strong>essent;</strong></span> 
     </span>
     <span class='ocr_line' id='line_1_27' title="bbox 63 2929 569 3012; baseline -0.002 -20"><span class='ocrx_word' id='word_1_230' title='bbox 63 2949 120 3012; x_wconf 87' lang='lat' dir='ltr'><strong>ego</strong></span> <span class='ocrx_word' id='word_1_231' title='bbox 143 2930 205 2992; x_wconf 89' lang='lat' dir='ltr'><strong>iam</strong></span> <span class='ocrx_word' id='word_1_232' title='bbox 228 2933 349 2992; x_wconf 85' lang='lat' dir='ltr'><strong>transeo</strong></span> <span class='ocrx_word' id='word_1_233' title='bbox 372 2929 410 2991; x_wconf 92' lang='lat' dir='ltr'><strong>ad</strong></span> <span class='ocrx_word' id='word_1_234' title='bbox 433 2929 569 2992; x_wconf 81' lang='lat' dir='ltr'><strong>certIora.</strong></span> 
     </span>
    </p>

    <p class='ocr_par' dir='ltr' id='par_1_5' title="bbox 61 3031 1176 3405">
     <span class='ocr_line' id='line_1_28' title="bbox 107 3031 1174 3113; baseline -0.001 -19"><span class='ocrx_word' id='word_1_235' title='bbox 107 3032 198 3095; x_wconf 77' lang='lat' dir='ltr'><strong>liber</strong></span> <span class='ocrx_word' id='word_1_236' title='bbox 221 3035 324 3094; x_wconf 91' lang='lat' dir='ltr'><strong>noster</strong></span> <span class='ocrx_word' id='word_1_237' title='bbox 346 3049 427 3093; x_wconf 91' lang='lat' dir='ltr'><strong>nunc</strong></span> <span class='ocrx_word' id='word_1_238' title='bbox 447 3035 566 3094; x_wconf 89' lang='lat' dir='ltr'><strong>constat</strong></span> <span class='ocrx_word' id='word_1_239' title='bbox 589 3032 895 3113; x_wconf 84' lang='lat' dir='ltr'><strong>quaternionibus</strong></span> <span class='ocrx_word' id='word_1_240' title='bbox 911 3033 1018 3095; x_wconf 89' lang='lat' dir='ltr'>XVIII</span> <span class='ocrx_word' id='word_1_241' title='bbox 1034 3031 1174 3112; x_wconf 86' lang='lat' dir='ltr'><strong>(quorum</strong></span> 
     </span>
     <span class='ocr_line' id='line_1_29' title="bbox 62 3133 1175 3215; baseline 0 -19"><span class='ocrx_word' id='word_1_242' title='bbox 62 3140 168 3197; x_wconf 84' lang='lat' dir='ltr'><strong>tamen</strong></span> <span class='ocrx_word' id='word_1_243' title='bbox 191 3150 271 3197; x_wconf 90' lang='lat' dir='ltr'><strong>unus</strong></span> <span class='ocrx_word' id='word_1_244' title='bbox 293 3134 353 3196; x_wconf 85' lang='lat' dir='ltr'><strong>fnit</strong></span> <span class='ocrx_word' id='word_1_245' title='bbox 375 3133 487 3213; x_wconf 87' lang='lat' dir='ltr'><strong>quinio,</strong></span> <span class='ocrx_word' id='word_1_246' title='bbox 510 3135 587 3196; x_wconf 86' lang='lat' dir='ltr'><strong>alius</strong></span> <span class='ocrx_word' id='word_1_247' title='bbox 611 3135 703 3211; x_wconf 89' lang='lat' dir='ltr'><strong>senio,</strong></span> <span class='ocrx_word' id='word_1_248' title='bbox 727 3135 777 3213; x_wconf 90' lang='lat' dir='ltr'><strong>qui</strong></span> <span class='ocrx_word' id='word_1_249' title='bbox 801 3133 838 3196; x_wconf 89' lang='lat' dir='ltr'><strong>ab</strong></span> <span class='ocrx_word' id='word_1_250' title='bbox 854 3133 921 3215; x_wconf 93' lang='lat' dir='ltr'><strong>ipso</strong></span> <span class='ocrx_word' id='word_1_251' title='bbox 935 3133 1058 3197; x_wconf 91' lang='lat' dir='ltr'><strong>librario</strong></span> <span class='ocrx_word' id='word_1_252' title='bbox 1073 3134 1175 3213; x_wconf 86' lang='lat' dir='ltr'><strong>paruis</strong></span> 
     </span>
     <span class='ocr_line' id='line_1_30' title="bbox 61 3235 1176 3317; baseline -0.002 -19"><span class='ocrx_word' id='word_1_253' title='bbox 61 3236 181 3298; x_wconf 87' lang='lat' dir='ltr'><strong>laciniis</strong></span> <span class='ocrx_word' id='word_1_254' title='bbox 205 3235 317 3297; x_wconf 91' lang='lat' dir='ltr'><strong>relictis</strong></span> <span class='ocrx_word' id='word_1_255' title='bbox 340 3235 382 3296; x_wconf 86' lang='lat' dir='ltr'><strong>ita</strong></span> <span class='ocrx_word' id='word_1_256' title='bbox 405 3239 477 3297; x_wconf 90' lang='lat' dir='ltr'><strong>sunt</strong></span> <span class='ocrx_word' id='word_1_257' title='bbox 499 3235 619 3313; x_wconf 80' lang='lat' dir='ltr'><strong>curtati,</strong></span> <span class='ocrx_word' id='word_1_258' title='bbox 646 3238 683 3297; x_wconf 93' lang='lat' dir='ltr'><strong>ut</strong></span> <span class='ocrx_word' id='word_1_259' title='bbox 709 3235 804 3297; x_wconf 83' lang='lat' dir='ltr'><strong>textui</strong></span> <span class='ocrx_word' id='word_1_260' title='bbox 831 3236 905 3298; x_wconf 92' lang='lat' dir='ltr'><strong>nihil</strong></span> <span class='ocrx_word' id='word_1_261' title='bbox 928 3235 1037 3317; x_wconf 81' lang='lat' dir='ltr'><strong>desit);</strong></span> <span class='ocrx_word' id='word_1_262' title='bbox 1068 3236 1176 3297; x_wconf 88' lang='lat' dir='ltr'><strong>cohae-</strong></span> 
     </span>
     <span class='ocr_line' id='line_1_31' title="bbox 63 3337 540 3405; baseline 0.004 -7"><span class='ocrx_word' id='word_1_263' title='bbox 63 3341 133 3405; x_wconf 86' lang='lat' dir='ltr'><strong>rent</strong></span> <span class='ocrx_word' id='word_1_264' title='bbox 156 3337 237 3399; x_wconf 89' lang='lat' dir='ltr'><strong>enim</strong></span> <span class='ocrx_word' id='word_1_265' title='bbox 261 3337 334 3399; x_wconf 85' lang='lat' dir='ltr'><strong>lolia</strong></span> <span class='ocrx_word' id='word_1_266' title='bbox 355 3337 412 3399; x_wconf 91' lang='lat' dir='ltr'><strong>hoc</strong></span> <span class='ocrx_word' id='word_1_267' title='bbox 435 3338 540 3400; x_wconf 69' lang='lat' dir='ltr'><strong>morlo:</strong></span> 
     </span>
    </p>
   </div>
   <div class='ocr_carea' id='block_1_5' title="bbox 390 3456 1250 3536">
    <p class='ocr_par' dir='ltr' id='par_1_6' title="bbox 390 3456 1250 3536">
     <span class='ocr_line' id='line_1_32' title="bbox 390 3456 1250 3536; baseline -0.001 -18"><span class='ocrx_word' id='word_1_268' title='bbox 390 3457 504 3536; x_wconf 78' lang='lat' dir='ltr'><strong>quat.I</strong></span> <span class='ocrx_word' id='word_1_269' title='bbox 544 3483 594 3512; x_wconf 95' lang='lat'><strong>·=</strong></span> <span class='ocrx_word' id='word_1_270' title='bbox 621 3458 672 3520; x_wconf 82' lang='lat' dir='ltr'><strong>fol.</strong></span> <span class='ocrx_word' id='word_1_271' title='bbox 713 3456 793 3519; x_wconf 88' lang='grc'>1-.-6</span> <span class='ocrx_word' id='word_1_272' title='bbox 820 3463 952 3530; x_wconf 88' lang='lat' dir='ltr'><strong>(foliorum</strong></span> <span class='ocrx_word' id='word_1_273' title='bbox 977 3463 1089 3516; x_wconf 85' lang='lat' dir='ltr'><strong>duorum</strong></span> <span class='ocrx_word' id='word_1_274' title='bbox 1115 3468 1175 3517; x_wconf 87' lang='lat' dir='ltr'><strong>ante</strong></span> <span class='ocrx_word' id='word_1_275' title='bbox 1247 3525 1250 3533; x_wconf 35' lang='lat'>¹</span> 
     </span>
    </p>
   </div>
   <div class='ocr_carea' id='block_1_6' title="bbox 216 3547 1176 3770">
    <p class='ocr_par' dir='ltr' id='par_1_7' title="bbox 216 3547 1176 3770">
     <span class='ocr_line' id='line_1_33' title="bbox 217 3547 1174 3615; baseline 0.002 -16"><span class='ocrx_word' id='word_1_276' title='bbox 217 3547 280 3600; x_wconf 84' lang='lat' dir='ltr'><strong>foll</strong></span> <span class='ocrx_word' id='word_1_277' title='bbox 295 3547 357 3599; x_wconf 92' lang='lat' dir='ltr'><strong>olim</strong></span> <span class='ocrx_word' id='word_1_278' title='bbox 370 3548 579 3601; x_wconf 85' lang='lat' dir='ltr'><strong>antecedentium</strong></span> <span class='ocrx_word' id='word_1_279' title='bbox 592 3564 656 3615; x_wconf 86' lang='lat' dir='ltr'><strong>quae</strong></span> <span class='ocrx_word' id='word_1_280' title='bbox 670 3551 745 3601; x_wconf 84' lang='lat' dir='ltr'><strong>uetus</strong></span> <span class='ocrx_word' id='word_1_281' title='bbox 757 3548 878 3601; x_wconf 86' lang='lat' dir='ltr'><strong>librarius</strong></span> <span class='ocrx_word' id='word_1_282' title='bbox 891 3565 971 3600; x_wconf 83' lang='lat' dir='ltr'><strong>uacua</strong></span> <span class='ocrx_word' id='word_1_283' title='bbox 984 3565 1038 3600; x_wconf 89' lang='lat' dir='ltr'><strong>esse</strong></span> <span class='ocrx_word' id='word_1_284' title='bbox 1050 3549 1174 3611; x_wconf 84' lang='lat' dir='ltr'><strong>uoluerat,</strong></span> 
     </span>
     <span class='ocr_line' id='line_1_34' title="bbox 216 3624 1176 3692; baseline 0.004 -18"><span class='ocrx_word' id='word_1_285' title='bbox 216 3624 288 3692; x_wconf 87' lang='lat' dir='ltr'><strong>prins</strong></span> <span class='ocrx_word' id='word_1_286' title='bbox 301 3627 429 3676; x_wconf 84' lang='lat' dir='ltr'><strong>exsectum</strong></span> <span class='ocrx_word' id='word_1_287' title='bbox 442 3628 489 3687; x_wconf 87' lang='lat' dir='ltr'><strong>est,</strong></span> <span class='ocrx_word' id='word_1_288' title='bbox 502 3626 629 3692; x_wconf 87' lang='lat' dir='ltr'><strong>posterius</strong></span> <span class='ocrx_word' id='word_1_289' title='bbox 641 3625 699 3678; x_wconf 90' lang='lat' dir='ltr'><strong>illos</strong></span> <span class='ocrx_word' id='word_1_290' title='bbox 711 3642 801 3678; x_wconf 85' lang='lat' dir='ltr'><strong>uersus</strong></span> <span class='ocrx_word' id='word_1_291' title='bbox 813 3625 922 3678; x_wconf 90' lang='lat' dir='ltr'><strong>biblicos</strong></span> <span class='ocrx_word' id='word_1_292' title='bbox 934 3629 960 3677; x_wconf 87' lang='lat' dir='ltr'><strong>ot</strong></span> <span class='ocrx_word' id='word_1_293' title='bbox 973 3641 1066 3677; x_wconf 87' lang='lat' dir='ltr'><strong>nomen</strong></span> <span class='ocrx_word' id='word_1_294' title='bbox 1078 3625 1176 3678; x_wconf 90' lang='lat' dir='ltr'><strong>bilihilt</strong></span> 
     </span>
     <span class='ocr_line' id='line_1_35' title="bbox 216 3699 739 3770; baseline 0.008 -19"><span class='ocrx_word' id='word_1_295' title='bbox 216 3699 329 3768; x_wconf 80' lang='lat' dir='ltr'><strong>praebet,</strong></span> <span class='ocrx_word' id='word_1_296' title='bbox 348 3700 379 3752; x_wconf 86' lang='lat' dir='ltr'><strong>de</strong></span> <span class='ocrx_word' id='word_1_297' title='bbox 397 3701 489 3768; x_wconf 89' lang='lat' dir='ltr'><strong>quibus</strong></span> <span class='ocrx_word' id='word_1_298' title='bbox 508 3719 585 3770; x_wconf 88' lang='lat' dir='ltr'><strong>supra</strong></span> <span class='ocrx_word' id='word_1_299' title='bbox 602 3701 663 3770; x_wconf 87' lang='lat' dir='ltr'><strong>p.X</strong></span> <span class='ocrx_word' id='word_1_300' title='bbox 680 3703 739 3770; x_wconf 85' lang='lat' dir='ltr'><strong>ogi).</strong></span> 
     </span>
    </p>
   </div>
   <div class='ocr_carea' id='block_1_7' title="bbox 389 3789 816 4177">
    <p class='ocr_par' dir='ltr' id='par_1_8' title="bbox 389 3789 816 4177">
     <span class='ocr_line' id='line_1_36' title="bbox 389 3789 816 3868; baseline 0 -18"><span class='ocrx_word' id='word_1_301' title='bbox 389 3789 518 3868; x_wconf 82' lang='lat' dir='ltr'><strong>quatll</strong></span> <span class='ocrx_word' id='word_1_302' title='bbox 555 3816 594 3843; x_wconf 93' lang='grc'><strong>--</strong></span> <span class='ocrx_word' id='word_1_303' title='bbox 622 3790 674 3852; x_wconf 90' lang='lat' dir='ltr'><strong>fol.</strong></span> <span class='ocrx_word' id='word_1_304' title='bbox 713 3789 816 3851; x_wconf 79' lang='grc'>7-14</span> 
     </span>
     <span class='ocr_line' id='line_1_37' title="bbox 425 3890 815 3974; baseline 0 -21"><span class='ocrx_word' id='word_1_305' title='bbox 425 3939 440 3970; x_wconf 83' lang='grc'><strong>,,</strong></span> <span class='ocrx_word' id='word_1_306' title='bbox 486 3891 532 3953; x_wconf 89' lang='grc' dir='ltr'><strong>ΙΙΙ</strong></span> <span class='ocrx_word' id='word_1_307' title='bbox 556 3917 595 3944; x_wconf 94' lang='lat'>=</span> <span class='ocrx_word' id='word_1_308' title='bbox 634 3939 649 3974; x_wconf 81' lang='lat'>„</span> <span class='ocrx_word' id='word_1_309' title='bbox 691 3890 815 3954; x_wconf 77' lang='lat'>15-22</span> 
     </span>
     <span class='ocr_line' id='line_1_38' title="bbox 424 3993 815 4076; baseline 0 -22"><span class='ocrx_word' id='word_1_310' title='bbox 424 4039 439 4073; x_wconf 87' lang='lat'>„</span> <span class='ocrx_word' id='word_1_311' title='bbox 486 3994 595 4054; x_wconf 84' lang='lat' dir='ltr'><strong>IV:</strong></span> <span class='ocrx_word' id='word_1_312' title='bbox 635 4043 650 4076; x_wconf 83' lang='lat'>„</span> <span class='ocrx_word' id='word_1_313' title='bbox 691 3993 815 4055; x_wconf 77' lang='lat'>23-30</span> 
     </span>
     <span class='ocr_line' id='line_1_39' title="bbox 426 4093 814 4177; baseline -0.005 -20"><span class='ocrx_word' id='word_1_314' title='bbox 426 4143 441 4175; x_wconf 84' lang='lat'>„</span> <span class='ocrx_word' id='word_1_315' title='bbox 487 4095 513 4157; x_wconf 81' lang='lat' dir='ltr'>V</span> <span class='ocrx_word' id='word_1_316' title='bbox 556 4122 595 4151; x_wconf 93' lang='lat'><strong>=</strong></span> <span class='ocrx_word' id='word_1_317' title='bbox 634 4142 649 4177; x_wconf 84' lang='lat'>„</span> <span class='ocrx_word' id='word_1_318' title='bbox 689 4093 814 4157; x_wconf 84' lang='lat'>31-38</span> 
     </span>
    </p>
   </div>
   <div class='ocr_carea' id='block_1_8' title="bbox 0 0 1414 4688">
    <p class='ocr_par' dir='ltr' id='par_1_9' title="bbox 0 0 1414 4688">
     <span class='ocr_line' id='line_1_40' title="bbox 0 0 1414 4688; baseline 0 1"><span class='ocrx_word' id='word_1_319' title='bbox 0 0 1414 4688; x_wconf 95' lang='lat' dir='ltr'><strong> </strong></span> 
     </span>
    </p>
   </div>
  </div>
 </body>
</html>
