2820 4688
512 252 717 306 Priscilliani
738 257 899 307 tractatus
916 254 947 308 V.
1244 241 1285 302 63

186 410 213 470 ut
230 407 280 488 qui
303 407 386 471 uitae
409 409 474 472 eius
498 405 635 491 insildias
658 408 817 473 tenderent
839 407 877 472 ab
900 409 948 472 his
964 409 1151 473 educationis
1166 409 1286 472 blandi-

184 513 280 572 menta
301 510 431 573 sentiret
460 513 491 574 ct
512 514 620 592 postea
648 528 821 593 percusso
848 510 1013 594 Aegypto
1043 516 1074 575 et
1097 512 1144 574 dei
1173 512 1285 594 populo

181 610 302 675 liberato
326 611 485 693 signomm
505 613 588 694 prior
601 612 716 675 faceret
737 612 893 676 exordium
916 616 948 676 et
969 613 1120 676 consortio
1143 630 1213 676 oum
1229 612 1284 676 deo

180 713 277 776 iuncto
292 712 467 776 diuinorum
484 717 716 796 praeceptorum
738 714 935 777 incrementis
951 715 1085 778 nutritus
1100 715 1283 797 principium

160 815 259 879 ederet
281 816 401 895 canoni,
424 816 510 879 cuius
533 816 566 879 in
588 834 621 879 se
639 816 863 899 plenitudinem
886 817 923 880 ad
946 817 1158 881 testimonium
1179 821 1284 898 protu-

177 917 260 995 lerat,
290 917 398 981 scribti
427 916 531 982 uerbis
560 919 679 982 scilieet
708 919 836 982 edocens
859 923 891 982 et
920 937 995 1001 opus
1018 917 1104 982 uerbi
1133 919 1283 982 laetorum

177 1019 314 1100 operibus
345 1020 523 1093 ostendens;
553 1021 599 1083 sic
629 1021 759 1101 denique
788 1024 820 1084 et
849 1021 886 1083 de
917 1038 952 1084 eo
975 1020 1123 1084 scribtum
1154 1024 1214 1084 est:
1248 1024 1284 1083 et

175 1122 318 1185 locutus
341 1125 399 1186 est
421 1123 587 1186 dominus
610 1122 818 1205 adMoyscn
840 1122 954 1186 facies
977 1123 1019 1185 ad
1042 1123 1173 1186 faciem
1195 1127 1283 1186 tcm-

175 1242 276 1304 quam
292 1225 354 1306 qui
375 1225 541 1306 loquitur·
555 1222 564 1308 ll
579 1224 621 1288 ad
644 1226 798 1288 amicum
821 1243 933 1288 suum.
961 1224 1077 1298 Uidens
1093 1243 1164 1307 ergo
1179 1225 1282 1288 lutura
1306 1230 1344 1282 83

146 1326 397 1391 chaereticornm
426 1327 570 1409 dogmata
599 1330 630 1391 et
656 1327 778 1390 diuersa
805 1327 929 1410 ingenia
951 1326 1172 1408 disputantem,
1202 1327 1283 1407 quod

175 1429 224 1492 olii
247 1432 353 1492 amant
375 1446 436 1492 non
458 1429 576 1492 iactum
599 1429 651 1492 sed
672 1434 855 1510 perpetuum
877 1429 972 1493 luisse
995 1428 1144 1491 mundum
1167 1432 1198 1492 ct
1216 1429 1283 1492 ideo

175 1532 259 1598 cuius
281 1549 343 1595 non
366 1532 407 1594 sit
437 1531 561 1594 initium
583 1532 721 1594 futurum
743 1549 863 1613 semper
885 1534 1055 1609 aeternum,
1085 1531 1137 1593 alii
1159 1530 1283 1594 sibimet

174 1633 231 1714 ipsi
252 1634 286 1697 in
307 1632 520 1715 uoluptatibus
535 1632 739 1711 blandientes,
763 1633 836 1695 dum
858 1650 948 1696 omne
970 1633 1050 1713 quod
1071 1636 1200 1713 peccant
1221 1651 1282 1696 non

174 1734 231 1798 sibi
261 1735 316 1799 sed
348 1734 485 1799 malitiae
514 1734 628 1799 diaboli
657 1735 766 1798 uolunt
797 1735 938 1817 inputare
971 1735 1022 1797 uel
1055 1735 1178 1814 saeculi,
1212 1753 1282 1800 cum

143 1857 162 1895 n
174 1837 323 1902 scribtum
346 1838 400 1900 sit:
435 1836 558 1900 Eiram
580 1838 658 1919 ipse
681 1836 754 1900 sibi
774 1837 901 1919 posuit
922 1836 1134 1899 scandalum
1156 1854 1282 1900 amans

174 1939 412 2004 Channencos
443 1942 474 2002 et
501 1939 575 2002 alibi
605 1939 742 2021 apostolo
764 1939 898 2002 dicente:
928 1938 1022 2001 unde
1050 1937 1160 2018 bella,
1189 1939 1283 2002 unde

172 2041 270 2105 rixae
294 2038 298 2127 Ι
321 2041 358 2104 in
380 2040 506 2104 uobis?
536 2059 655 2104 nonne
682 2040 723 2103 de
752 2039 1011 2104 uoluntatibus
1040 2040 1208 2121 nestrisl,
1239 2041 1283 2104 sic

172 2139 279 2207 mnndi
299 2162 354 2226 per
376 2143 452 2206 haec
472 2146 652 2206 accusantes
675 2146 828 2220 naturam,
850 2142 1071 2225 propterquod
1092 2142 1150 2206 hoc
1165 2143 1282 2206 malum

172 2246 318 2324 iudicant,
349 2245 426 2308 nihil
448 2245 480 2308 in
508 2244 557 2307 his
581 2262 658 2326 quae
682 2247 829 2327 apparent
851 2245 942 2307 deum
964 2244 1073 2307 iecisse
1101 2244 1282 2309 confirmant
1376 2270 1378 2273 ’

137 2354 202 2436 zoet
230 2346 438 2430 corporalibus
469 2347 723 2429 concupiscentiis
753 2347 940 2410 delectantes
969 2348 1120 2417 iacturam
1148 2348 1282 2429 eorporis

172 2451 220 2514 sui
241 2450 440 2533 adsignantes
455 2449 575 2512 diabolo
597 2452 709 2531 putant
730 2467 764 2512 se
786 2449 903 2513 nescire
925 2467 1003 2530 quae
1017 2450 1137 2513 iaciunt
1159 2452 1282 2530 atquae

171 2553 203 2616 in
218 2551 394 2634 corporibus
418 2551 482 2619 suis
497 2555 625 2634 peccant
640 2551 762 2614 diuinae
777 2550 985 2633 dispositionis
1000 2551 1205 2615 sollieitudine
1220 2570 1281 2616 non

171 2655 277 2733 teneri,
308 2671 379 2717 cnm
405 2653 556 2725 scribtum
586 2646 640 2716 sit:
671 2671 802 2735 corpus
832 2654 928 2734 quod
951 2653 1196 2735 corrumpitur
1224 2655 1282 2717 cd-

171 2761 301 2839 grauat
315 2756 474 2820 animam
490 2759 525 2818 et
540 2755 714 2837 deprimit
733 2759 880 2819 terrena
893 2754 1119 2818 inhabitatio
1135 2772 1280 2819 sensum

135 2860 287 2928 ermulta
312 2855 321 2943 ll
347 2857 581 2940 cogitantem,
615 2858 669 2921 alii
698 2857 799 2922 Solem
833 2856 1012 2920 etIrnnem
1045 2857 1210 2921 luminaria
1242 2857 1278 2920 ad
1303 2859 1343 2918 84

172 2961 378 3024 ministerium
393 2960 554 3025 hominum
577 2960 745 3023 constituta
760 2960 958 3023 aestimantes
974 2959 1046 3024 deos
1061 2958 1281 3042 principatibus

172 3063 278 3126 mundi
300 3063 541 3126 aelementorum
569 3061 710 3125 tribuunt
730 3065 923 3144 potestatem,
953 3079 1025 3123 cum
1055 3059 1204 3124 scribtum
1226 3061 1280 3124 sit:

271 3221 631 3289 accumulansque
652 3221 800 3285 locam.
888 3220 1000 3277 remu.
1013 3223 1054 3280 se.
1067 3222 1107 3276 11.
1194 3223 1226 3276 15
1246 3195 1325 3274 er

171 3308 218 3362 Ios.
233 3311 331 3372 16,1o;
348 3307 431 3361 Iudic.
445 3311 467 3371 1,
479 3310 521 3362 29.
592 3310 624 3362 16
641 3308 729 3370 laed,
743 3312 765 3362 l.
834 3309 868 3363 23
886 3307 945 3375 Sap.
955 3310 979 3370 9.
993 3310 1032 3362 15.

210 3453 430 3538 2pelicusso]
454 3454 493 3506 ica
519 3453 579 3514 θοᾶς
605 3452 658 3506 uid.
685 3453 763 3507 Arc'h.
790 3453 809 3506 f.
835 3451 880 3506 lat.
907 3452 967 3506 Lux.
989 3453 1039 3516 III,
1058 3455 1108 3508 315
1210 3456 1282 3513 tet

172 3597 365 3684 belcontus,
394 3599 435 3668 δε
460 3623 509 3660 ras.
533 3605 582 3660 del.
677 3609 709 3662 12
736 3561 845 3667 scel&
949 3608 979 3661 17
1009 3588 1281 3675 ocloslrnoeos}

171 3710 241 3763 uolui
266 3713 368 3763 mutare
388 3711 417 3763 iu
445 3701 706 3789 υοΙυρῐΑῐΙῠυες
731 3709 759 3761 in
778 3709 924 3762 Sessoriono
942 3723 1043 3776 quoque
1061 3709 1169 3778 Speculo·
1185 3711 1280 3779 Aepu-

169 3798 233 3850 ctiui
259 3795 347 3848 codice
368 3795 465 3863 legitur
487 3793 520 3846 ad
545 3794 615 3847 huuc
636 3794 723 3847 lucum
745 3793 948 3856 uoluntatibus,
973 3809 999 3862 p.
1016 3795 1075 3856 625,
1093 3795 1125 3848 14
1146 3792 1279 3848 Weimion'

170 3928 201 3987 ab
220 3915 575 4012 conccupiscentiam,
597 3931 663 3984 duae
680 3930 782 3984 litterae
794 3929 878 3996 (aet)
895 3945 981 4003 erasa
1049 3931 1080 3984 21
1097 3890 1276 4000 absue'dare

170 4094 234 4162 res,
254 4095 269 4143 r
287 4085 324 4153 (in
342 4087 429 4151 rare)
446 4101 495 4139 ras.
514 4085 563 4138 uer.
649 4043 840 4162 seb'ffscrne,
861 4074 879 4142 b
898 4100 947 4138 ros.
966 4083 1015 4137 del.
