2820 4688
532 288 535 293 .
598 241 761 293 tractatus
779 239 843 292 1111.
1236 226 1282 302 61,

179 393 226 456 iter
238 393 392 475 praestitit
413 395 444 455 et
463 396 569 456 eontra
584 394 689 456 solitos
713 412 808 456 usuus
828 395 948 457 saeculo
971 394 1079 458 datura
1094 397 1275 459 miraculum

177 494 329 558 herbarum
350 498 478 576 pastnus
498 495 608 558 sterilis
632 496 744 558 herena
762 495 911 576 produxit.
944 482 998 559 Hii
1020 501 1092 560 sunt
1114 497 1177 560 dies
1200 516 1275 578 quos
1362 559 1364 563 .

175 596 251 660 Iesus
277 596 365 660 Naue
387 597 526 660 similiter
547 597 579 659 in
602 597 722 659 ieiuniis
746 615 840 679 egeus
863 601 975 661 terram
996 599 1206 679 promissionis
1228 602 1275 663 in·

172 716 287 780 gressus
310 716 381 760 eum
402 698 527 761 induto
552 698 641 762 fidei
664 700 773 761 armis
797 699 845 760 dei
866 696 984 781 poipulo
1001 703 1102 762 stante
1124 701 1156 763 in
1176 702 1275 765 medio

143 817 153 856 e
172 818 312 880 aquarum
328 817 397 863 arca
412 799 527 863 domini
541 802 650 882 plenus
662 801 693 863 in
709 817 813 862 omnes
826 801 992 882 crepidines
1008 801 1145 864 Iordanis
1161 804 1275 865 siceum

169 902 274 984 populo
296 903 353 965 iter
367 900 508 983 praebuit
529 905 561 965 et
575 902 607 964 in
629 903 729 983 priora
744 902 905 965 decurrens
921 903 971 964 ual
992 903 1024 965 in
1040 904 1205 982 posteriora
1219 922 1275 975 sna
1344 929 1348 936 ·

168 1005 284 1067 reluens
307 1022 345 1066 nc
365 1002 486 1065 diuinae
508 1003 635 1066 iussioni
657 1006 767 1066 natura
782 1004 944 1067 contrairet
966 1005 1094 1085 expauit.
1128 1005 1181 1068 Hii
1203 1010 1275 1068 sunt

168 1106 225 1169 dies
249 1123 326 1187 quos
349 1104 514 1168 adueniens
541 1100 573 1167 in
595 1122 718 1167 earnem
741 1105 815 1167 deus
837 1109 908 1186 post
925 1105 1136 1187 locuplitatum
1159 1106 1275 1188 baptis-

167 1209 254 1271 matis
276 1208 394 1270 fontem
417 1207 602 1270 constitutus
624 1207 656 1269 in
679 1225 780 1269 eremo
803 1208 941 1270 ieiunans
958 1207 1065 1270 dicbus
1088 1212 1119 1271 et
1135 1207 1274 1272 noctibus

139 1310 237 1373 euicit
260 1314 291 1372 et
312 1311 481 1391 temptatus
504 1306 645 1372 azabulo
668 1311 715 1371 est
736 1327 817 1372 nune
837 1310 1035 1373 neccessitate
1057 1310 1170 1390 ieiunii,
1193 1328 1274 1373 nnnc

166 1411 329 1478 ambitione
351 1411 537 1489 mortalium,
559 1429 640 1474 nunc
662 1411 784 1483 timore;
806 1410 838 1473 in
861 1429 920 1490 quo
943 1409 1026 1493 et(si>
1048 1412 1191 1492 temptari
1212 1429 1274 1476 non

165 1515 261 1596 potuit
283 1513 368 1589 deur,
399 1516 503 1576 tomen
526 1512 704 1574 saluationis
733 1509 863 1596 nosjjtrae
886 1501 1071 1593 praeparans
1097 1514 1272 1594 passionem
1295 1523 1333 1577 81

166 1619 194 1678 et
208 1614 368 1696 adinplens
386 1614 418 1676 in
441 1632 474 1676 se
495 1614 680 1694 pascharum
695 1613 826 1692 decreto,
849 1631 910 1676 non
933 1613 1066 1693 soluens,
1088 1615 1120 1677 in
1143 1633 1177 1678 eo
1193 1616 1273 1694 quod

165 1717 308 1799 temptari
329 1715 428 1780 uoluit
450 1730 528 1796 quae
542 1715 575 1778 in
598 1714 704 1778 diebus
719 1715 777 1777 hiis
799 1715 953 1796 repudiari
972 1732 990 1777 a
1012 1714 1099 1778 nobis
1122 1721 1274 1798 oporteret

135 1818 305 1901 sostendit,
328 1820 362 1880 at
381 1816 461 1897 quod
481 1817 569 1880 illum
585 1816 749 1897 temptanti
771 1814 889 1879 diabolo
911 1816 1104 1897 respondisse
1120 1817 1158 1880 ad
1180 1817 1271 1880 fidem
1389 1807 1391 1810 ⁴

165 1921 294 2003 legimus
320 1936 376 1981 nos
402 1918 441 1980 ad
467 1917 696 1981 distructionem
719 1916 884 1980 diabolicae
907 1917 1116 1997 temptationis
1138 1920 1270 1982 utamur.

263 2141 280 2194 4
299 2136 331 2191 cr.
344 2137 419 2190 nom.
434 2139 472 2198 13,
487 2139 530 2199 ra
548 2135 614 2204 spu.
627 2109 694 2200 arr
764 2138 781 2189 4
799 2151 853 2203 sqq.
872 2134 905 2188 cr.
917 2135 967 2188 102.
980 2137 1004 2197 a,
1018 2138 1125 2190 15-17.

206 2381 219 2433 1
241 2332 430 2451 rresoirrsss,
450 2384 471 2433 o
491 2391 540 2428 ras.
559 2373 621 2436 sels
640 2373 673 2426 er.
686 2376 756 2435 ooo
837 2331 1072 2449 monacofflm,
1091 2383 1115 2430 a
1132 2373 1168 2439 (iu
1189 2366 1272 2441 iam)

164 2496 212 2533 ras.
230 2477 304 2532 dci·
348 2466 541 2543 sceneca]
559 2475 630 2529 nolui
648 2476 795 2529 mutarem
818 2464 972 2535 barsena
1047 2464 1270 2544 prosatorem]

163 2581 216 2634 rrid.
234 2595 300 2648 quae
322 2577 354 2631 dc
375 2577 424 2630 hac
445 2577 550 2645 periodo
573 2577 625 2630 dixi
643 2578 671 2630 in
687 2576 785 2631 Archiv
802 2575 821 2630 f.
839 2576 884 2630 lot.
902 2576 961 2629 Lex.
979 2576 1029 2639 III,
1048 2579 1098 2631 322
1183 2580 1198 2631 5
1216 2581 1272 2630 erat

164 2673 403 2764 cremensem,
419 2689 454 2738 m
468 2695 517 2733 ras.
529 2678 579 2732 der.
592 2682 619 2731 et
632 2681 774 2748 sponsum
825 2659 1271 2765 ιιεπιηιὼοιιδΑΝιε’-ῥιὶὶκέιὸΙ

163 2787 294 2853 scriptura
313 2784 445 2835 contracta
462 2785 489 2834 ct
506 2780 595 2845 arduo,
612 2780 657 2834 sed
675 2796 743 2834 man.
761 2780 775 2833 Ι
792 2783 896 2833 exarata
913 2783 985 2842 suna
1003 2779 1036 2832 cf.
1055 2783 1095 2843 55,
1113 2781 1158 2842 23;
1180 2783 1219 2842 64,
1240 2783 1277 2835 14”

163 2891 179 2942 6
200 2895 316 2969 pernen
343 2885 371 2936 in
392 2899 483 2936 uersus
504 2882 555 2935 finc
578 2899 679 2935 cre-snm
701 2884 728 2935 et
749 2882 778 2934 in
799 2882 915 2949 proximo
937 2878 1015 2933 uersu
1038 2881 1121 2934 denuo
1143 2882 1271 2948 scriptum

163 2992 178 3043 7
216 2997 302 3066 Nec,
320 2988 371 3041 litt.
387 2986 471 3045 eleni
487 3001 537 3039 ras.
555 2985 657 3038 corrodi
669 2987 759 3053 coepta
770 3001 825 3037 esse
843 2983 947 3036 uidetur
1015 2985 1044 3037 11
1065 2964 1116 3060 ed,
1136 2983 1270 3036 deficiente

163 3151 193 3200 so
266 3142 297 3195 16
313 3132 472 3210 [securos
541 3096 903 3214 austrdceuoaem,1<n
923 3134 1105 3202 cremium.
1165 3125 1268 3193 traco

165 3236 255 3303 lucae
273 3240 352 3295 fuisso
373 3239 478 3293 uidetur
548 3222 819 3322 oramus-'prout
