2820 4688
421 240 623 296 Priscilliani
644 244 803 295 tractatus
824 239 857 294 X.
1156 220 1198 284 93

79 396 233 461 indutus
256 397 344 461 lidei
372 397 482 461 armis
512 398 611 461 studio
633 397 728 460 animi
756 395 914 478 flagrantis
935 393 1104 477 <in>oensus
1127 393 1198 457 dis-

79 500 203 581 ruptis
225 499 339 563 saccnli
360 500 521 564 uinculis
549 504 647 563 tolum
670 518 702 562 se
724 499 844 562 diuinae
866 497 946 560 unde
975 498 1127 578 profectus
1151 499 1198 560 cst

80 607 211 664 naturae
233 620 250 665 e
271 601 328 665 deo
346 600 476 682 Christo,
499 603 584 665 onius
607 601 748 664 similiter
769 598 887 663 debitor
909 603 940 663 et
960 599 1086 681 imagini
1107 598 1196 662 testis

82 708 141 781 est,
166 703 275 767 reddat
294 703 476 786 intellegens
499 703 579 784 quod
600 704 679 766 inter
701 703 871 765 diuiuomm
894 700 1107 765 deambulacra
1128 719 1196 763 ner·

54 805 195 868 oliorum
216 805 315 869 omnis
338 804 487 869 scribtura
509 805 599 869 homo
624 802 628 887 Ι
651 808 732 867 totus
755 807 810 882 est,
839 803 1033 885 euuangelico
1056 819 1196 865 sermone

81 901 218 971 testante
239 922 364 971 omnem
384 908 632 970 narrationem
653 925 772 970 rerum
794 907 829 969 in
852 905 956 968 nobis
978 905 1093 968 fuisse
1115 921 1196 968 oon-

80 1009 229 1090 pletam,
251 1011 331 1073 sicut
353 1011 384 1072 et
404 1008 519 1073 Paulus
542 1010 596 1073 ait:
620 1010 698 1072 siue
716 1008 852 1072 Paulus
875 1008 951 1071 siue
965 1007 1096 1088 Apollo
1118 1007 1195 1070 siue

81 1109 212 1175 anfas
235 1111 314 1174 siue
333 1110 487 1175 mundus
510 1112 587 1174 siue
609 1128 704 1174 mors
727 1111 803 1173 siue
821 1110 909 1189 uita,
932 1110 1050 1173 omnia
1070 1111 1196 1172 uestra
1268 1136 1272 1144 ·

80 1215 177 1292 sunt,
205 1228 270 1276 uos
291 1215 411 1277 autem
434 1212 583 1292 Christi,
614 1212 781 1277 Christus
803 1214 923 1275 autem
952 1210 1022 1284 dei;
1052 1211 1195 1292 quoniam

42 1336 68 1376 ιο
79 1316 112 1377 in
129 1331 259 1395 quorum
280 1315 499 1396 exemplarium
513 1315 652 1379 uiuentes
667 1316 699 1378 in
722 1315 842 1377 saeculo
858 1314 922 1377 siue
944 1313 1082 1376 instituto
1097 1311 1195 1375 bonae

79 1416 194 1481 indolis
208 1417 273 1484 siue
295 1417 458 1499 cupiditate
474 1417 556 1481 uitae
571 1417 809 1500 praeuaricantis
824 1417 983 1495 intramus,
1006 1433 1111 1478 eorum
1125 1417 1197 1495 post

79 1522 213 1582 mortem
235 1521 300 1583 siue
321 1520 353 1582 in
374 1520 504 1602 gloriam
527 1520 686 1583 consortiis
708 1537 1001 1600 congregamur...

122 1619 165 1684 Et
177 1620 245 1685 ideo
259 1622 312 1702 qni
326 1638 492 1685 conuersus
503 1619 513 1706 ss
523 1622 562 1686 ad
577 1622 669 1685 fidem
685 1621 797 1685 Christi
811 1622 910 1702 prima
925 1620 1027 1683 media
1040 1623 1195 1703 postrema
1218 1626 1277 1681 126

80 1723 185 1788 omnia
198 1741 276 1804 quae
297 1743 352 1807 per
374 1725 531 1788 dominum
552 1724 635 1788 facta
650 1727 772 1805 atquae
788 1726 857 1805 post
878 1728 950 1787 sunt
963 1723 1066 1786 futura
1083 1738 1195 1804 cogno-

43 1846 69 1887 m
80 1825 170 1905 nent,
184 1827 356 1890 necessario
370 1828 555 1907 temporaria
569 1827 606 1890 de
621 1826 786 1908 perpetuis,
805 1826 883 1889 falsa
898 1825 935 1888 dc
949 1826 1031 1889 ueris
1047 1828 1078 1888 et
1093 1841 1195 1906 segre·

79 1945 158 2010 gano
172 1927 286 1992 caduca
300 1927 338 1991 de
352 1929 455 2006 certis,
478 1928 531 1991 ubi
551 1948 584 1992 se
600 1928 763 1991 diuinum
777 1946 890 2010 genus
905 1926 1025 2006 uiderit,
1048 1944 1144 1990 unum
1164 1928 1196 1989 et

10 2040 12 2049 ·
79 2028 306 2094 indifferentem
327 2028 387 2093 sibi
408 2030 499 2093 deum
521 2032 655 2094 retinens
677 2031 709 2093 in
732 2048 866 2110 eaquae
888 2047 986 2110 neque
1014 2029 1048 2092 in
1075 2027 1194 2092 exordio

80 2149 180 2212 neque
198 2130 253 2196 fini
274 2131 477 2197 obnoxiantur
499 2134 628 2206 exultat3
658 2132 712 2196 sed
734 2150 824 2196 omne
845 2131 926 2212 quod
947 2131 1046 2194 Dauid
1069 2134 1193 2194 sanctus

79 2234 159 2298 inter
172 2235 288 2299 incerta
309 2237 512 2315 certaminum
528 2238 560 2298 et
574 2237 812 2318 alienigenomm
828 2235 942 2298 excidia
955 2234 1107 2298 bellomm
1121 2251 1195 2297 con·

45 2335 176 2404 »fidens
198 2336 254 2401 deo
274 2338 348 2419 egit,
371 2355 433 2401 non
455 2342 612 2419 tamquam
635 2338 809 2400 memoriale
829 2331 951 2420 saslouli
973 2335 1122 2400 scribtum
1143 2353 1194 2399 ac-

79 2437 160 2520 cipit,
189 2437 244 2502 aed
273 2438 345 2519 quid
373 2439 406 2503 in
428 2438 515 2502 nobis
538 2440 651 2521 partim
673 2443 776 2503 nostro
804 2440 917 2520 partim
946 2439 1078 2519 corporis
1108 2441 1193 2501 metu

79 2539 299 2604 cotidianorum
319 2539 403 2605 bella
423 2543 635 2622 peccaminum
657 2545 688 2606 et
709 2543 910 2606 saecularium
931 2542 1062 2605 uarietas
1084 2541 1194 2605 uolun-

77 2645 187 2728 tatum,
209 2641 281 2705 dum
305 2659 359 2724 pro
381 2644 471 2707 certis
492 2645 609 2708 incerta
624 2648 776 2708 sectamur
799 2648 830 2708 et
850 2645 930 2707 inter
948 2644 1047 2707 aliena
1068 2646 1193 2707 couten-

77 2742 189 2824 cimus,
216 2745 319 2809 ualeat
338 2747 538 2829 recognoscit,
561 2747 680 2811 dicente
702 2748 767 2829 ipso
790 2747 891 2810 Dauid
911 2747 944 2808 in
965 2746 1106 2828 psalmis:
1135 2745 1194 2809 do-

179 2896 192 2951 1
212 2893 246 2948 cf.
255 2887 333 2950 Rom.
348 2899 387 2957 13,
402 2900 446 2959 12;
458 2897 524 2965 Eph.
538 2899 561 2960 6,
576 2901 606 2954 ll
620 2914 675 2966 sqq.
728 2898 802 2967 dien]
815 2897 848 2952 cl.
860 2898 904 2951 Ps.
917 2899 940 2959 2,
953 2899 976 2952 3.
1028 2897 1117 2951 6an
1131 2899 1153 2961 l,
1168 2899 1191 2952 1.

77 2979 300 3044 lI.cor.3‚22;
316 2981 350 3035 cf.
368 2984 557 3038 Laodicuss.
628 2986 661 3040 16
678 2985 737 3038 Aca
751 2988 790 3048 17,
803 2987 844 3041 28.
913 2987 947 3039 24
964 2984 1114 3052 Ps.18,13.

119 3138 133 3190 l
156 3126 376 3215 ξΙΑςκΑΝῐεε
453 3137 481 3190 in
493 3137 549 3191 cod.
562 3141 622 3191 anto
641 3147 785 3200 cerasus
803 3140 915 3208 spatium
928 3137 1039 3191 duarum
1050 3137 1102 3192 litt.
1114 3141 1192 3193 uacat

74 3272 374 3357 cantuarae-car
394 3289 466 3343 nolui
487 3294 590 3343 mutare
607 3292 635 3345 in
655 3301 827 3353 maronae
846 3301 881 3352 ετ
899 3281 960 3354 δεο
1016 3250 1189 3352 saaca&

75 3374 395 3468 ccuoameeloo'co,
420 3403 439 3451 o
461 3391 498 3459 (in
523 3394 563 3460 co)
584 3393 630 3447 lin.
653 3393 703 3449 del.
808 3397 839 3450 11
862 3377 1191 3477 paae'oaaocamoes

75 3562 108 3616 12
127 3502 422 3638 coaugmentatum,
442 3573 462 3621 θ
479 3562 526 3617 lin.
544 3567 571 3617 ct
587 3568 684 3633 puncto
697 3563 759 3627 del.;
776 3594 810 3604 -
827 3565 953 3618 omissum
964 3580 1019 3618 esse
1035 3564 1079 3619 hic
1091 3564 1190 3634 aliquid
1251 3617 1253 3622 .

72 3643 245 3699 statuendum
268 3649 320 3709 est;
346 3646 509 3702 desideratur
534 3650 604 3702 enim
630 3650 774 3703 sententiae
801 3648 883 3703 altera
907 3665 975 3718 pars,
996 3665 1062 3718 quae
1083 3666 1190 3719 respon-

72 3728 136 3784 deat
151 3728 193 3784 illi
210 3728 282 3785 ‘siue'
299 3731 328 3785 in
345 3749 371 3787 u.
385 3736 414 3788 11
434 3734 519 3802 posito
537 3734 620 3801 (uelut
637 3733 708 3788 ‘siue’
726 3737 797 3790 u.12
814 3734 953 3803 respondet
971 3735 1002 3800 ei,
1021 3735 1090 3803 quod
1106 3739 1192 3790 exstat

70 3865 200 3934 inulti)
253 3869 285 3924 18
305 3869 464 3948 ytmtlopp.
487 3885 565 3939 supra
588 3873 674 3932 57,12
744 3874 777 3928 19
797 3830 1010 3934 ΙΝῐΕκΙίΐὲκῐΑ
1067 3865 1187 3933 alteror

71 3961 243 4045 etmoth,
260 3980 314 4029 lex
330 3980 337 4027 1
353 3985 417 4024 corr.
478 3974 513 4027 20
526 3982 668 4054 Αίίψίῐ,
684 3972 751 4028 falso
767 3986 777 4034 ξ
792 3991 821 4027 ex
836 3986 843 4034 Ι
860 3990 924 4029 corr.
985 3978 1016 4030 21
1038 3983 1187 4053 mettim,

70 4079 106 4130 m
124 4071 163 4136 (iu
183 4070 316 4137 omilin.
335 4070 385 4126 del.
455 4075 488 4128 22
509 4057 764 4144 volumtatem]
781 4076 833 4130 uid.
852 4093 931 4146 supra
948 4081 989 4141 oo,
1003 4081 1035 4134 19
