2820 4688
522 265 683 317 tractatus
701 261 731 317 V.
1140 244 1182 310 65
1233 295 1236 300 ι

83 437 153 482 nam
175 438 268 500 quae
296 437 365 483 non
387 419 560 482 uidentur
587 421 748 481 aeterna.
787 417 1075 482 Animaduertentes
1098 418 1181 482 enim
1288 463 1290 468 -

82 539 197 585 sensum
228 521 324 585 lectae
353 521 492 584 lectionis
523 520 664 582 dicentis:
699 521 734 582 iu
764 520 946 601 principio
976 520 1065 582 t'eoit
1094 521 1180 582 deus

80 624 211 687 caelum
240 627 276 686 et
305 627 455 700 terram,
484 621 593 684 scitote
622 621 725 684 omnia
754 621 844 683 deum
867 621 976 684 fecisse
999 621 1180 702 quaefacta

80 729 145 788 sunt
167 730 199 788 et
228 724 384 807 conpactis
406 720 494 807 inibat·
524 741 556 786 se
579 723 757 785 aelementis
784 723 946 786 solidatam
968 724 1045 786 caeli
1074 727 1178 786 erten—
1201 727 1239 782 86

60 826 153 890 odisse
183 830 325 890 naturam
354 827 458 906 sieque
487 844 545 888 usu
575 826 653 888 aeris
686 828 847 887 uentorum
876 825 1079 906 potestatibus
1109 825 1178 888 dato

77 928 293 1010 quadripertita
323 931 496 1009 temporum
519 928 585 990 uice
608 927 681 990 anui
703 944 809 989 cursore
832 929 863 990 et
885 927 1043 989 stellarum
1064 927 1177 992 cousti-

76 1034 153 1093 tutns
177 1030 402 1112 dispositiones.
440 1028 517 1092 Cum
540 1029 623 1092 euim
646 1028 774 1091 uerbum
796 1028 918 1091 diuinae
940 1028 1061 1092 uirtutis
1084 1046 1177 1111 appa·

74 1133 131 1194 ruit
146 1132 264 1195 dicens:
284 1132 355 1195 fiat
369 1132 438 1209 lux,
454 1132 597 1194 uniuersa
612 1148 688 1211 quae
705 1134 792 1193 eraut
806 1130 999 1194 intenebrata
1013 1134 1177 1213 patuerunt

75 1238 103 1297 et
119 1238 209 1298 nocte
223 1235 360 1316 uesperis
382 1233 421 1296 ab
445 1233 603 1314 splendore
626 1233 702 1295 lucis
725 1233 833 1311 diuisa,
854 1233 982 1316 singulis
995 1233 1176 1314 *quibusque

47 1335 160 1400 erebus
183 1336 339 1399 inlocum
362 1335 502 1416 dispositi
524 1334 638 1398 ordinis
661 1334 838 1417 segregatis,
866 1339 947 1398 terra
969 1335 1097 1398 solidata
1118 1340 1175 1414 est,

72 1442 105 1502 ut
118 1439 265 1502 alterutro
288 1439 526 1502 aelementorum
542 1438 711 1501 ministerio
730 1441 942 1520 praecurrente
963 1435 1084 1521 paritita
1098 1441 1175 1500 tem-

72 1557 178 1621 porum
203 1540 270 1613 uice
292 1558 383 1602 usum
410 1539 546 1621 dispositi
574 1539 673 1620 operis
701 1540 810 1620 spiritu
839 1540 921 1602 uitae
951 1540 1086 1602 animata
1106 1557 1175 1621 pro-

72 1642 176 1721 ferret,
211 1659 272 1706 non
306 1642 386 1722 quod
419 1644 500 1704 terra
533 1641 582 1704 uel
619 1641 737 1704 caelum
770 1645 823 1704 aut
856 1641 935 1704 datis
971 1660 1005 1704 eu
1039 1641 1174 1723 cognatis

72 1743 249 1807 aelementis
279 1743 439 1825 terrigenis
461 1742 682 1826 principatibus
705 1743 829 1824 spiritus
856 1743 994 1825 propriae
1015 1743 1174 1823 potestatis

42 1846 184 1926 reliquid
207 1846 367 1927 acceperit,
397 1845 451 1908 sed
473 1848 508 1907 ut
529 1862 632 1907 rerum
656 1844 782 1907 materia
807 1849 987 1926 praeparata
1008 1862 1107 1907 sermo
1129 1845 1175 1907 di-

71 1948 158 2010 uinus
180 1948 317 2011 facturae
338 1965 414 2029 opus
435 1948 554 2009 intrans
574 1947 759 2028 sapientium
780 1951 1011 2028 praeceptorum
1032 1946 1175 2010 iust’tuta

71 2050 233 2131 suppleret,
255 2054 364 2112 tenens
386 2048 487 2112 iorum
510 2049 622 2112 saeculi
645 2049 676 2111 in
699 2048 907 2111 habitaculum
923 2049 1081 2111 hominum
1103 2066 1175 2112 con-

71 2153 222 2215 stitutum.
247 2150 386 2230 Denique
401 2151 449 2213 his
464 2151 606 2214 omnibus
622 2168 699 2230 quae
715 2151 904 2213 conuersatio
920 2150 1026 2213 mundi
1039 2151 1175 2232 possidet

71 2248 266 2316 secundum
288 2271 402 2335 genus
425 2270 528 2315 suum
543 2252 632 2315 factis
648 2249 842 2336 hoilminem
865 2253 907 2315 ad
929 2253 1123 2335 imaginem
1139 2257 1174 2316 et
1196 2264 1233 2318 8‘1

38 2355 347 2418 sosimilitudinem
377 2371 477 2419 suam
507 2355 594 2420 deus
623 2355 714 2418 fecit
747 2358 929 2436 acceptoque
958 2355 1031 2418 limo
1061 2355 1172 2418 terreni
1215 2428 1217 2432 μ

70 2457 236 2520 habitaculi
259 2460 398 2521 nostrum
420 2473 528 2538 corpus
544 2456 703 2535 animauit,
726 2460 761 2520 ut
776 2457 898 2519 domino
919 2475 1022 2520 rerum
1036 2457 1174 2519 omnium

70 2559 190 2622 homine
220 2559 390 2641 praeposito
419 2558 451 2621 in
481 2575 515 2620 eo
546 2556 710 2620 sabbatum
738 2559 817 2621 idest
838 2559 975 2639 requiem
1004 2575 1092 2621 suam
1120 2576 1174 2639 po-

70 2664 163 2740 neret,
192 2658 246 2723 ubi
275 2659 442 2742 imaginem
472 2677 559 2721 suam
590 2662 621 2722 et
651 2659 882 2722 similitudinem
912 2663 1110 2742 oorporasset,
1139 2676 1174 2724 ac

69 2766 137 2842 post
151 2761 276 2824 traduce
292 2764 402 2824 natura
423 2761 591 2841 hospitium
606 2761 759 2843 corporale
781 2761 872 2824 bomo
895 2779 930 2825 ex
949 2761 1073 2824 homine
1087 2772 1174 2843 prae-

36 2880 193 2931 susumens
216 2880 285 2925 caro
308 2865 483 2925 nasceretur
505 2880 539 2925 ex
563 2879 663 2941 carne,
693 2864 725 2925 in
747 2880 806 2944 quo
828 2863 1003 2926 constitutis
1025 2861 1113 2926 nobis
1143 2866 1174 2927 et

69 2965 242 3027 duinorum
256 2964 470 3027 mandatorum
483 2965 567 3027 iussa
582 2965 770 3028 sectantibus
782 2965 888 3028 mundi
903 2983 978 3047 opus
994 2969 1026 3028 et
1037 2969 1174 3029 terrenae

68 3067 213 3137 materiae
227 3060 230 3148 i
244 3071 386 3128 naturam
398 3065 567 3128 castificata
581 3084 650 3129 earo
666 3067 811 3147 uinceret,
826 3064 884 3150 <et>
897 3067 988 3131 homo
1003 3068 1174 3131 ministerio

69 3168 182 3231 saeculi
210 3185 284 3230 usus
306 3184 367 3230 non
397 3168 660 3248 concupiscentiae
687 3170 845 3232 uoluntate
876 3169 1020 3251 deceptus
1047 3169 1175 3233 baberet

69 3437 90 3491 G
168 3351 362 3432 21111111.Ἰ
440 3351 546 3408 acen.
569 3356 592 3415 l,
612 3353 636 3406 3.
718 3355 749 3407 19
776 3351 839 3406 Gen.
861 3356 885 3415 l,
907 3355 948 3408 21.
1028 3354 1172 3422 hominem]

92 3453 131 3490 en.
146 3440 168 3499 1,
180 3438 221 3490 27.

108 3678 124 3730 a
143 3634 232 3736 ίεείλε
307 3675 324 3728 4
341 3615 543 3748 saloissam,
564 3673 632 3738 ron
651 3666 700 3739 Ιιτ)
716 3691 781 3728 eos.
851 3677 867 3729 6
884 3615 1071 3756 stetinum,
1092 3689 1170 3738 cerr

67 3829 170 3896 comit)
238 3831 253 3882 7
273 3810 540 3907 brsposrtro'rom,
557 3837 567 3886 i
582 3841 611 3878 ex
627 3837 634 3882 Ι
650 3841 713 3882 com.
785 3830 802 3883 9
818 3787 1003 3910 υεδρεκὲδ,
1019 3831 1088 3897 edu
1103 3832 1175 3897 RES)

68 4000 130 4037 eras.
192 3939 694 4060 12δ18ροῗ111ᾼϋη1100111111.
765 3975 930 4040 1710111111)
986 3985 1172 4063 241111ΑΕ80

69 4065 307 4159 (diffidendo,
327 4092 345 4140 c
362 4081 391 4133 in
408 4096 497 4134 uersus
515 4080 567 4134 fine
584 4098 648 4135 oras.
700 4085 733 4137 25
753 4084 829 4164 quo]
841 4085 880 4138 ita
897 4084 954 4139 cod.
1006 4086 1038 4139 27
1052 4094 1089 4146 ετ
1102 4085 1176 4139 deest

116 4190 188 4247 arur.
205 4201 294 4242 ericen.
1006 4191 1022 4238 t
