2820 4688
126 257 168 323 38
581 264 784 320 Priscillisui

128 423 272 507 occepit
293 424 410 506 legem
436 424 472 482 et
493 419 592 483 dedit
613 440 689 484 earn
716 421 823 486 Iacob
844 441 953 505 puero
979 441 1043 486 suo
1067 426 1104 486 et
1124 422 1237 487 Istra·

127 526 189 591 luel
215 525 348 590 dilecto
375 539 455 594 suo;
484 521 660 603 posthaec
685 525 722 587 in
748 525 858 588 terris
883 526 985 588 uisus
1010 527 1066 587 est
1094 526 1130 588 et
1156 543 1236 588 cum

66 637 105 693 to
128 624 339 693 bominibus
366 627 603 688 conuersatus
626 629 690 689 est
720 622 730 708 pl
757 625 797 689 ut
819 625 1106 708 quamuialongum
1128 626 1237 690 sitire

128 747 184 811 per
199 727 322 808 singula
343 729 374 789 et
390 723 577 807 aspernabile
600 726 641 789 sit
656 725 838 791 Ghmstianis
860 727 999 792 sensibus
1014 727 1124 791 talium
1142 728 1236 792 mise-

129 828 245 894 riarum
266 827 317 891 nel
342 831 478 910 repetere
499 826 665 908 doctrinas,
691 831 794 892 umen
816 827 892 892 baec
918 829 984 893 ideo
1006 828 1086 910 apud
1107 846 1260 894 neumas

129 930 225 994 bilem
250 945 392 995 coronam
418 932 501 993 tuum
529 927 672 1009 dicimus,
702 934 747 1010 nt,
777 931 861 994 siin
888 949 924 994 es
949 948 1026 1012 qnae
1051 930 1236 996 damnamus

129 1030 324 1110 incurrimus,
346 1030 414 1113 ipsa
428 1029 523 1095 libelli
537 1032 633 1096 nostri
647 1033 834 1115 professione
849 1033 1036 1096 damnemur.
1060 1031 1136 1111 Quis
1151 1032 1236 1097 enim

130 1136 233 1218 potest
257 1131 414 1197 catholicis
441 1131 565 1198 auribus
587 1132 738 1210 ‚Arriam
763 1134 880 1199 heresis
906 1135 992 1199 netas
1018 1135 1155 1216 nedem,
1181 1136 1235 1218 oui

129 1234 301 1300 undem
326 1235 406 1316 quod
435 1253 530 1300 unum
558 1240 620 1310 est,
639 1239 671 1302 et
698 1237 801 1320 plnres
829 1237 965 1301 uolentes
993 1237 1066 1301 deos
1093 1232 1235 1319 profetici

129 1336 279 1402 mononis
299 1336 403 1403 lumen
424 1337 585 1420 incestant,
612 1356 673 1405 non
694 1341 830 1424 legentes
852 1337 971 1402 dicente
992 1337 1112 1420 Moyse:
1139 1340 1234 1420 audi,
1247 1359 1271 1398 n

128 1436 299 1516 Istrahel,
320 1437 487 1506 dominns
508 1440 595 1506 deus
617 1444 701 1505 tuus
723 1441 810 1505 deus
830 1460 922 1504 unns
936 1444 1007 1514 est;
1027 1441 1078 1504 cui
1093 1442 1235 1507 testimo·

128 1541 216 1607 ιιίιιιιι
230 1538 262 1605 iu
276 1541 434 1626 euangelio
448 1541 521 1608 tulit
542 1542 682 1608 dominus
704 1543 822 1608 diceus:
843 1541 986 1624 Moyses
1008 1559 1098 1624 qnae
1120 1543 1234 1607 scrib·

128 1643 188 1722 sit,
212 1641 255 1707 de
280 1658 335 1706 me
353 1640 358 1725 Ι
375 1642 535 1710 scribsit.
569 1643 663 1713 (iuius
688 1649 793 1710 umen
822 1643 1011 1708 infelicitatis
1032 1642 1161 1708 Fotiuus
1180 1646 1234 1710 ud·

128 1743 199 1809 tinio
225 1760 287 1809 uon
315 1743 383 1811 uult
410 1750 512 1812 tenere
538 1746 618 1830 quod
646 1746 761 1812 lectum
790 1752 850 1810 cst:
880 1745 1099 1810 maledictus
1126 1744 1233 1812 horno

127 1845 189 1929 qui
210 1845 246 1912 io
268 1845 411 1915 bomine
432 1866 530 1933 spem
553 1866 653 1914 suam
673 1849 790 1934 ponit;
811 1848 850 1912 de
871 1865 932 1930 quo
952 1846 1019 1930 ipse
1040 1847 1134 1912 etiarn
1155 1849 1272 1914 denen

128 1954 231 2015 noster
255 1947 382 2033 bouem
403 1951 442 2017 sd
468 1970 539 2018 eum
564 1970 656 2036 quem
678 1969 714 2016 ex
735 1949 913 2016 infirmitate
935 1953 1112 2029 mannas,
1138 1967 1232 2032 quern

127 2070 161 2116 se
181 2050 263 2117 modi
284 2051 378 2118 uellet
398 2053 531 2120 ostendit
551 2054 670 2120 dicens:
696 2054 787 2118 uade
808 2056 844 2116 et
865 2052 978 2116 dicito
1002 2055 1141 2132 quanta
1161 2053 1231 2120 tibi

126 2154 258 2221 iecerit
276 2153 374 2236 dens,
396 2159 428 2221 et
448 2156 700 2223 testimonium
722 2155 788 2220 lroc
809 2172 933 2219 uerum
955 2157 1018 2217 ost
1041 2152 1231 2234 QnisPatri-

125 2256 284 2341 ptoaituoa
299 2257 448 2325 hereticos
462 2258 540 2325 luat
554 2259 673 2325 dicente
688 2256 852 2323 scribturas
874 2256 935 2337 qui
953 2255 1071 2319 eredit
1090 2256 1127 2332 in
1148 2257 1230 2323 lilio

125 2358 236 2425 habet
257 2358 380 2442 uitam,
402 2361 462 2444 qui
484 2379 553 2427 non
574 2360 691 2427 credit
711 2360 748 2424 in
769 2359 850 2423 filio
872 2376 942 2422 nou
962 2356 1074 2422 habet
1094 2358 1264 2424 uitamta

125 2460 260 2543 Quorum
282 2464 369 2529 tenu
390 2462 551 2529 infelicitas
573 2467 630 2544 est,
652 2466 687 2527 ut
707 2461 801 2527 edum
822 2459 1018 2524 daemoniaca
1037 2460 1230 2527 confessione

124 2565 307 2633 damnentur
328 2566 447 2631 dicente
470 2566 621 2631 addeum
643 2565 675 2630 in
698 2562 856 2647 euangelio
878 2562 1037 2626 daemone:
1059 2561 1145 2644 qnid
1167 2581 1229 2634 no·

61 2669 101 2727 tl
123 2666 181 2733 bis
207 2672 242 2734 et
267 2667 337 2735 tibi
362 2665 371 2752 ll
396 2672 464 2748 est,
491 2667 574 2732 Iesu
596 2666 655 2733 tili
680 2666 738 2735 dei
759 2665 850 2744 uiui,
875 2664 961 2745 quid
982 2663 1119 2734 uenisti
1145 2669 1228 2731 aute

123 2773 264 2854 tempus
285 2771 435 2854 perdere
450 2773 534 2835 nos?
557 2769 631 2850 Quis
646 2768 743 2834 Ofltas
762 2766 812 2831 uel
829 2766 978 2850 insipiens
991 2765 1107 2830 incidet
1120 2767 1238 2832 uolens·

122 2873 213 2937 deum
228 2872 341 2939 habere
356 2875 537 2957 serpentem,
553 2890 624 2936 cum
638 2871 787 2936 scribtum
802 2869 856 2932 sit:
879 2886 943 2953 ego
963 2885 1040 2931 surn
1061 2867 1263 2955 dominns*

122 2975 210 3041 deus
231 2979 315 3041 tuns
336 2976 401 3058 qui
422 2974 526 3040 eduxi
548 2978 582 3038 te
604 2975 770 3038 dedomo
792 2970 999 3043 seruitutis;
1026 2987 1096 3034 non
1121 2975 1227 3036 erunt

121 3076 191 3141 tibi
220 3078 271 3142 dii
298 3078 361 3142 alii
389 3079 628 3161 p1·aeterme;
659 3094 728 3141 non
757 3073 871 3139 facies
900 3072 971 3137 tibi
998 3070 1134 3137 idolum
1162 3091 1227 3137 nec

121 3178 233 3243 ullam
260 3177 540 3244 similitudinem
568 3197 607 3242 ex
634 3178 691 3241 his
717 3194 806 3259 quae
832 3175 869 3238 in
895 3175 995 3238 caelo
1022 3191 1147 3238 susum
1169 3193 1226 3238 ne-

223 3348 422 3410 loventot.
475 3349 508 3402 lt
523 3345 561 3400 Ῑὸ.
574 3350 598 3408 5,
609 3348 650 3400 46.
704 3347 736 3402 14
752 3344 865 3398 Hieram.
880 3346 919 3407 17,
932 3347 956 3399 5.
1013 3340 1135 3397 1711810.
1148 3347 1172 3404 5,
1185 3345 1224 3400 la.

122 3434 155 3489 18
171 3433 362 3502 testimonium]
378 3432 430 3487 Tit.
444 3434 466 3493 Ι,
480 3433 519 3486 13.
571 3430 656 3487 1910.
675 3433 699 3491 3,
711 3433 756 3493 36,
773 3429 844 3483 Ι.Ιο.
858 3433 882 3491 5,
895 3429 935 3484 12.
986 3430 1019 3483 22
1036 3426 1130 3481 tisun
1143 3431 1168 3491 8,
1179 3430 1225 3490 293

119 3514 198 3571 liure.
218 3513 241 3580 Ι,
259 3520 304 3580 24;
320 3517 382 3570 Luc.
400 3519 424 3578 t,
443 3518 483 3570 st.
552 3519 585 3571 25
601 3513 680 3570 Exod
698 3518 739 3578 20,
757 3517 836 3576 2-4;
853 3513 930 3568 Dent.
948 3517 972 3576 5,
991 3513 1064 3567 6-8.

219 3674 251 3726 21
271 3672 405 3737 Hibacicc,
421 3670 453 3724 dc
470 3671 531 3724 tric.
541 3671 587 3737 VI,
599 3674 642 3724 49:
661 3668 777 3737 Dignum
800 3669 868 3721 enirn
887 3669 927 3720 est
942 3636 1089 3720 haereticos
1102 3680 1156 3720 non
1172 3667 1223 3721 ianr

120 3755 267 3822 apostolicis
284 3754 415 3816 doctrinis,
437 3753 482 3807 sed
502 3754 657 3807 daemonum
674 3769 717 3807 ore
735 3753 860 3806 conuinci.
883 3751 1004 3807 Clamant
1020 3751 1089 3802 enirn
1107 3751 1134 3803 et
1151 3767 1224 3820 saepo

120 3837 246 3892 clamant:
270 3839 333 3907 quid
352 3838 416 3894 milri
433 3837 498 3906 (cod.
513 3838 570 3892 Uet.
588 3836 690 3904 ‘nobis‘)
707 3839 734 3889 et
754 3836 803 3890 tibi
825 3843 871 3900 eat,
889 3835 948 3889 Iesu
965 3834 1003 3888 illi
1020 3834 1069 3886 Dei
1086 3833 1224 3889 altissimi?

171 3964 411 4085 secessuri,
430 4020 509 4067 eras.
524 4007 572 4062 aa.
632 4009 664 4062 ro
683 3995 1226 4076 coeteeectesotcearemorser

120 4108 179 4162 uide
196 4125 260 4177 quae
277 4110 309 4163 de
326 4109 375 4163 hoc
392 4108 505 4164 ublatino
523 4108 575 4162 diri
594 4107 620 4161 in
639 4107 714 4160 Arch.
733 4108 751 4161 f.
770 4107 813 4160 lat.
832 4108 889 4160 Lex.
908 4106 958 4166 ΙΙΙ,
977 4108 1026 4159 322
