2820 4688
568 246 730 295 tractatus
751 243 793 296 Vl.
1197 225 1235 288 77

125 395 252 461 arduum
276 397 397 466 diuinae
424 396 650 479 intellegentiae
672 400 729 460 iter
752 398 837 460 uelut
859 398 938 461 cliuo
961 399 1096 462 molliore
1118 398 1236 476 leniret,

126 499 258 580 primum
274 517 329 581 per
345 506 349 582 ῑ
367 497 495 581 Moysen
512 499 583 562 data
597 499 674 580 lega,
694 499 857 580 prohibens
873 517 974 562 omns
990 493 1124 562 idolum
1144 499 1236 580 quod

125 604 223 665 essct
244 601 281 665 in
303 601 404 667 caclo
427 601 505 664 siue
527 601 561 665 in
585 604 683 664 terra
706 601 783 664 siue
799 601 833 663 irr
849 601 962 680 aquis,
985 602 1140 664 detestans
1156 601 1236 663 mili·

125 702 198 766 tiam
218 703 425 785 principatum
445 702 558 767 saeculi
572 720 650 784 quae
666 707 809 784 operatur
823 705 854 766 in
870 703 1103 785 cogitationibus
1120 703 1234 766 noctuis

93 809 154 868 cet
168 804 344 870 castificans
359 805 389 868 in
402 805 450 872 his
466 821 542 886 opus
558 804 669 883 curnis,
685 805 811 884 nequid
828 804 918 868 homo
934 809 1018 868 extra
1034 824 1128 868 unum
1144 806 1234 867 deum

122 907 209 972 uelut
231 906 323 971 dcurn
338 907 441 986 uellet,
464 907 619 990 praecepti
641 906 701 970 tine
717 907 895 987 conpescuit
917 911 956 984 et,
979 925 1050 970 cum
1065 907 1234 988 unumquid

121 1009 152 1071 in
184 1008 367 1072 sacrificium
389 1011 517 1090 peteret,
547 1009 641 1072 occidi
664 1026 723 1071 non
751 1026 893 1089 pecorum
918 1009 1099 1091 sanguinem
1126 1009 1232 1087 uoluit,

121 1110 176 1173 sed
206 1110 302 1175 occidi
326 1110 469 1174 innubis
492 1128 529 1173 ea
554 1128 631 1190 quae
653 1111 797 1173 uitiorum
820 1116 930 1173 natura
951 1110 1066 1174 idolicis
1089 1112 1120 1172 in
1143 1126 1233 1173 carne

119 1213 226 1276 formis
241 1217 452 1294 occupauerat,
475 1213 594 1276 dicente
616 1212 653 1274 de
672 1209 853 1295 huiusllmodi
876 1215 1024 1293 apostolo:
1049 1231 1116 1275 non
1139 1213 1232 1293 quod
1258 1218 1315 1273 104

78 1339 105 1378 ro
120 1315 261 1379 idolum
294 1317 343 1379 sit
377 1315 530 1396 aliquid,
565 1315 626 1379 sed
660 1333 750 1396 quac
782 1315 998 1378 sacrificant
1031 1314 1231 1378 daemoniis

120 1417 338 1481 sacrificant
367 1421 402 1480 et
427 1434 496 1480 non
526 1417 600 1494 deo,
630 1419 664 1479 tut
686 1417 732 1480 his
756 1417 871 1479 scilicet
892 1417 924 1479 in
947 1417 1068 1479 hunnine
1091 1417 1231 1480 correctis

118 1523 190 1600 post
204 1518 271 1600 ipse
284 1518 436 1583 bonorum
451 1525 560 1582 natura
575 1520 724 1582 iacturam
741 1519 827 1581 uelut
841 1519 966 1600 perlecti
982 1518 1115 1581 hominis
1130 1519 1231 1581 locum

120 1625 243 1685 uterum
258 1615 416 1704 uirginalis
440 1622 539 1684 curnis
555 1622 711 1704 ingressus
734 1620 883 1685 idolorum
898 1621 1004 1684 formis
1025 1640 1057 1683 m
1072 1620 1231 1702 pecoribus

120 1725 225 1787 occisis
247 1742 338 1788 suum
360 1725 542 1807 sanguinem
564 1725 596 1786 in
615 1724 853 1804 redemptionem
877 1722 1029 1786 humanae
1052 1723 1230 1804 expiationis

79 1849 106 1889 ιο
121 1825 243 1890 offerret
271 1829 302 1890 ct
323 1827 519 1907 conceptione
549 1830 637 1907 partu
667 1824 821 1906 uagitibus
852 1824 937 1887 cunis
968 1840 1074 1887 onmes
1105 1828 1231 1887 naturae

121 1933 243 1992 nostrae
257 1932 468 1991 transcurrens
484 1927 683 1991 contumelias
700 1927 830 1989 mundo
847 1927 882 1990 in
897 1928 1052 2010 crutcem
1075 1926 1147 1989 fixo
1170 1927 1231 1989 sal·

120 2034 190 2094 uato
211 2030 244 2093 in
266 2047 300 2094 se
322 2034 353 2094 et
366 2048 420 2111 per
442 2049 476 2093 sc
498 2029 557 2092 sibi
572 2029 695 2092 homine
717 2028 872 2110 gauderet.
895 2027 976 2090 Nam
992 2028 1071 2109 quod
1093 2029 1229 2108 primus
1273 2077 1275 2079 >

120 2132 256 2196 mensis
285 2132 399 2215 petitur
419 2131 452 2195 in
480 2132 603 2213 pascha,
633 2147 693 2194 non
716 2134 751 2193 ut
777 2129 960 2192 adtendatur
986 2130 1112 2209 mensis,
1142 2130 1229 2192 cuius

120 2252 282 2297 numerum
302 2237 423 2297 constat
440 2251 510 2296 cum
534 2233 656 2297 saeculo
678 2232 862 2295 numerabili
884 2249 951 2295 esse
973 2232 1153 2313 periturum,
1176 2232 1229 2295 sed

78 2337 191 2416 ecquis
220 2336 356 2399 omnium
379 2339 497 2399 creator
518 2336 550 2400 in
577 2335 648 2398 totis
679 2338 735 2413 est,
767 2338 949 2416 agnoscatur
971 2335 1051 2415 quod
1080 2334 1229 2399 scribtum

119 2441 179 2501 est:
209 2438 397 2520 primitiae
425 2438 584 2499 omnium
607 2435 789 2515 (lhristus,
819 2440 851 2499 et
880 2435 917 2498 de
946 2437 1084 2517 propiata
1113 2435 1233 2513 inimici

117 2540 260 2618 transitu,
282 2539 336 2603 ubi
355 2540 473 2621 primus
496 2539 610 2602 mensis
634 2540 672 2601 ad
694 2538 905 2602 inmolandum
926 2538 1049 2621 petitur,
1072 2537 1228 2619 ibi,1quia,

118 2642 198 2705 sicut
213 2641 360 2704 scribtum
380 2645 436 2719 est,
460 2659 630 2704 numerus
645 2640 803 2704 hominis
819 2658 991 2704 numerus
1007 2640 1227 2719 asebeniae,
1288 2647 1289 2651 ’

118 2762 194 2825 opus
217 2743 322 2807 mundi
345 2747 376 2806 et
390 2741 543 2827 nultiuitas
565 2744 598 2806 in
620 2743 707 2807 nobis
723 2744 822 2824 prima
843 2744 982 2805 uincetur
1004 2746 1034 2805 ct
1056 2742 1111 2804 deo
1127 2742 1226 2823 potius
1252 2747 1310 2801 105

78 2868 105 2908 rs
118 2846 297 2928 incipientes
324 2863 417 2926 quarn
448 2846 567 2909 saeculo
591 2844 701 2908 debere
729 2846 809 2925 quod
836 2845 990 2908 nascimur
1012 2845 1227 2926 intellegamus

219 3004 466 3066 iciErod.20,4.
519 3003 801 3067 91.ccr.10‚19.20.
855 3006 887 3060 16
905 3002 938 3058 cf.
949 3002 1040 3067 Galo,
1051 3004 1089 3058 14.
1139 2997 1174 3059 Ι17
1193 3001 1227 3082 ci.

116 3090 197 3145 Exod.
212 3093 251 3152 la,
263 3092 287 3145 2.
339 3093 370 3145 21
390 3090 412 3143 I.
425 3087 482 3145 Cor.
497 3093 536 3152 15,
548 3091 589 3145 23.
642 3092 675 3145 23
693 3089 772 3157 Apoc.
787 3092 825 3152 13,
840 3092 878 3145 18.
1080 3099 1081 3104 ’

221 3238 252 3290 15
269 3235 404 3301 Hilarius,
423 3234 454 3289 dc
471 3235 533 3288 tritu
547 3234 588 3300 11,
598 3237 646 3300 243
663 3233 717 3287 uid.
730 3249 808 3302 supra
825 3233 858 3286 ad
875 3250 900 3302 p.
913 3237 954 3290 60.

161 3392 175 3446 1
195 3382 340 3465 [[Νικεῑ,
357 3399 412 3448 rex
428 3399 435 3444 ι
450 3387 511 3441 saec.
567 3389 856 3469 lpsrmcrpauum
868 3404 916 3457 pro
930 3373 1225 3470 parmcrpauoum,
1291 3367 1293 3370 ’

118 3499 236 3606 daal
322 3495 690 3621 saceraspiciens,
714 3552 733 3598 o
755 3556 804 3592 rus.
824 3524 873 3594 dei.
971 3543 987 3596 6
1007 3522 1227 3623 ursumanb,

117 3645 208 3699 eodem
230 3643 312 3698 formu
335 3647 457 3698 occurret
468 3658 494 3711 p.
512 3646 569 3706 105,
586 3646 602 3699 1
664 3645 680 3698 9
700 3624 839 3729 bilibus,
858 3642 960 3696 litterae
980 3652 1036 3703 tus
1056 3644 1084 3696 iu
1102 3628 1227 3712 margine,

119 3742 266 3806 scium.
336 3746 367 3802 10
386 3754 617 3826 obruereris.
692 3748 721 3800 11
739 3728 951 3832 ,connectes
1014 3748 1228 3808 neruosusne

119 3901 169 3995 ed,
193 3917 296 3978 estun.
315 3914 364 3968 uer.
443 3857 565 3974 serito
676 3916 710 3970 20
728 3897 982 3992 aemoslcaunu,
1004 3915 1077 3981 crin
1094 3918 1182 3980 reos)
1199 3931 1227 3969 ex

119 4082 225 4131 ucorr.
304 4071 337 4134 25
357 4027 571 4142 ΝΑΒΙΕΙωυξ,
592 4067 666 4134 Stin
680 4070 777 4134 ‚must
794 4065 838 4119 lin.
858 4067 907 4120 del,
