2820 4688
612 272 770 324 tractatus
788 268 833 324 v1.
1236 251 1277 315 ‘15

179 424 314 504 libertati,
337 424 410 489 dum
425 425 524 489 aliud
539 424 737 489 secundum
752 424 925 506 spiritum
939 428 1155 505 promptum,
1178 424 1277 487 aliud
1371 445 1373 449 ¹

178 527 368 592 secundum
391 545 498 591 carne
521 526 667 591 infirme
689 526 890 590 demonstrat:
914 526 957 588 sic
980 544 1012 588 se
1034 543 1087 607 pro
1104 526 1275 589 hominibus

175 629 339 710 patientem
354 629 491 712 intellegi
506 630 596 693 deum
617 630 713 692 uoluit
727 629 759 692 in
773 645 872 707 carne,
893 633 936 707 ιιι,
952 629 979 692 si
993 646 1100 692 sensus
1115 633 1277 708 quaeratur

175 732 203 801 in
223 731 325 797 nobis:
347 749 427 794 unns
442 731 517 795 deus
541 735 598 810 est,
621 731 647 794 si
669 747 783 794 sermo:
806 749 885 794 unus
908 733 955 793 est
969 728 1118 808 Christus,
1140 720 1167 792 si
1187 747 1275 810 opus:
1367 741 1369 744 ·

154 847 249 898 annus
264 832 363 914 Iesus,
386 833 413 897 si
427 835 538 897 natura
552 833 719 913 quaeritur:
739 829 744 915 Ι
762 831 842 896 filius
858 836 914 910 est,
937 831 963 895 si
984 832 1165 913 principium
1185 849 1277 912 quae·

174 933 261 999 ritur:
283 937 371 1016 pater
392 935 510 1013 dicitur,
534 934 560 999 si
581 938 732 999 creatura:
763 934 910 1015 sapientia
932 938 989 1011 est,
1012 933 1038 996 si
1060 933 1276 996 ministerium:

173 1038 309 1120 angelus,
332 1037 359 1101 si
373 1040 523 1120 potestas:
546 1037 647 1116 homo,
670 1037 696 1100 si
710 1035 859 1118 dignatio:
884 1034 964 1098 filius
985 1035 1126 1114 hominis,
1149 1035 1278 1116 siquod

172 1139 287 1203 iactum
310 1143 358 1202 est
378 1156 433 1221 por
454 1138 556 1202 illum:
583 1139 648 1202 uita
669 1141 726 1217 est,
749 1137 775 1201 si
797 1137 876 1218 quod
899 1142 984 1201 entra
1004 1138 1105 1200 illum:
1128 1137 1213 1216 nihil,
1235 1172 1278 1183 -

173 1241 215 1304 sic
236 1240 380 1304 uniuersa
402 1239 575 1323 disponens,
606 1244 649 1318 nt,
677 1256 747 1302 cnm
769 1244 848 1302 unus
872 1242 954 1303 esset
973 1240 1005 1303 in
1027 1240 1099 1303 totis
1128 1257 1224 1304 unum
1245 1239 1278 1302 in
1290 1241 1298 1257 ¹·

139 1329 204 1406 rese
226 1344 334 1406 uolens
355 1343 521 1421 hominem,
544 1341 626 1405 aliud
648 1360 744 1424 genus
770 1341 897 1423 perlecti
919 1341 1017 1422 operis
1040 1344 1190 1405 scrutator
1213 1341 1278 1404 eius

172 1445 285 1509 habere
306 1461 368 1508 non
397 1447 511 1527 posset,
542 1444 600 1507 nisi
623 1448 657 1507 ut
678 1462 774 1507 unum
797 1462 867 1507 enm
897 1444 988 1506 deum
1010 1443 1155 1522 crederet,
1186 1461 1278 1524 quem

172 1547 413 1628 omnipotentem
443 1547 476 1610 in
503 1564 536 1609 sc
565 1545 645 1627 quod
672 1549 720 1609 est
741 1550 773 1610 et
794 1546 874 1626 quod
896 1545 1003 1608 dicitur
1025 1546 1184 1609 inueniret.
1214 1543 1279 1609 Nec

172 1650 254 1712 enim
266 1645 389 1733 puftetis
402 1649 553 1731 pertinere
565 1647 604 1711 ad
619 1642 836 1712 contumeliam
849 1665 939 1710 uerae
952 1647 1130 1726 diuinitatis,
1145 1647 1171 1711 si
1186 1663 1278 1710 conr-
1302 1653 1359 1707 101

172 1750 345 1814 mendane
365 1751 557 1814 caritatem
580 1767 681 1812 suam
703 1750 739 1813 in
762 1748 866 1814 nobis
886 1749 971 1811 dens
991 1752 1022 1811 et
1038 1749 1279 1835 infirmitates

136 1874 160 1914 rs
173 1853 317 1916 nostras
340 1869 403 1934 pro
425 1851 529 1915 nobis
551 1855 701 1934 portans
716 1852 760 1915 sic
775 1855 912 1915 terrenae
928 1850 1095 1914 natiuitatis
1111 1850 1279 1915 oblationes

173 1955 260 2036 petit,
291 1954 486 2018 utinnullo
509 1953 732 2019 sesecundum
761 1953 867 2016 mundi
896 1953 1067 2016 aelemenla
1096 1949 1280 2031 discernatis,

172 2057 377 2137 inquantum
398 2059 537 2119 terrenae
560 2055 671 2119 mentis
693 2057 833 2137 amplexu
854 2057 990 2136 potestas
1013 2061 1154 2117 aeternae
1180 2054 1282 2118 infini-

173 2157 247 2221 tatis
263 2158 431 2237 excederet,
454 2157 663 2238 conprobarct,
686 2157 740 2221 sed
759 2161 794 2220 ut
814 2175 869 2238 per
890 2156 965 2218 leaeo
987 2156 1168 2238 intellegens
1191 2156 1283 2220 deum

173 2259 248 2332 fides
260 2264 405 2324 constans
416 2260 567 2341 captiosas
580 2260 686 2322 mundi
699 2263 729 2322 et
740 2259 894 2322 inutiles
906 2263 1029 2339 respuat
1044 2258 1281 2339 quaestiones
1319 2308 1321 2311 ,

136 2352 428 2447 »oetpecoaltum
452 2361 545 2442 quod
567 2362 603 2425 iu
626 2365 750 2425 nostro
773 2360 920 2424 mortali
941 2378 1089 2442 corpore
1112 2363 1283 2442 operatur

174 2468 321 2546 agnoscat
335 2467 367 2528 et
388 2464 453 2546 ipse
469 2482 502 2528 se
517 2465 608 2528 homo
623 2464 772 2542 diuidans,
793 2463 848 2527 deo
863 2463 895 2526 in
911 2482 944 2526 se
959 2467 1068 2526 cuncta
1082 2465 1282 2542 monstrante,

277 2586 288 2636 l
303 2579 336 2634 ei.
348 2582 442 2635 Matth.
454 2583 495 2643 26,
508 2584 548 2637 41.
587 2584 618 2636 13
629 2581 704 2634 Rom.
717 2584 741 2643 5,
754 2583 777 2636 8.
791 2594 793 2597 ·
815 2584 846 2636 14
857 2579 965 2649 infirm]
976 2580 1070 2634 Meton.
1083 2582 1107 2642 8,
1122 2583 1160 2636 17.
1199 2582 1231 2635 19
1249 2578 1282 2634 of.

175 2666 225 2720 Tit.
239 2669 263 2730 3,
275 2669 291 2722 9
296 2686 304 2730 ;
321 2666 357 2721 H.
370 2666 437 2720 rim.
450 2669 474 2728 2.
487 2668 527 2721 23.
597 2669 630 2722 20
647 2665 793 2734 peceatum]
812 2665 845 2718 oi.
857 2666 932 2720 Rom.
945 2668 969 2729 6,
983 2668 1022 2721 12.

276 2780 308 2834 16
326 2778 461 2839 Hilarius,
480 2778 511 2831 de
527 2779 589 2831 trin.
606 2777 630 2845 1,
646 2781 693 2831 13:
710 2775 784 2844 (fides
801 2777 932 2842 constans)
951 2790 1003 2828 nou
1020 2776 1162 2831 secundnm
1179 2793 1285 2830 sensum

176 2863 321 2917 eommunis
338 2861 530 2930 intellegentiae
548 2861 625 2915 deum
643 2861 756 2914 retinens
774 2877 856 2928 neque
873 2859 904 2913 de
916 2859 1020 2915 Christo
1038 2862 1180 2915 secuudum
1192 2862 1285 2914 mnndi

176 2950 303 3002 elerirenta
314 2947 461 3009 decernens,
479 2947 507 3000 in
523 2962 573 3015 quo
591 2946 737 3000 diuinitatis
755 2946 890 3014 plenitudo
908 2945 1077 3014 corporaliter,
1092 2946 1228 3010 inhabitat,
1246 2952 1285 3011 ιιι,

177 3033 239 3086 dum
257 3032 372 3086 infinitas
395 3037 514 3085 aeternae
535 3032 563 3084 in
580 3047 610 3084 co
628 3034 667 3084 est
684 3032 828 3100 potestatis,
853 3046 955 3084 omnem
977 3035 1092 3084 terrenae
1114 3032 1209 3085 mentis
1230 3048 1286 3085 am·

176 3119 287 3187 plexum
306 3121 420 3186 potestas
438 3120 556 3170 aeternae
573 3112 712 3170 infinitatis
730 3115 842 3169 excedat.
914 3120 944 3171 19
962 3118 1035 3171 Ibid.
1051 3119 1135 3186 paulo
1152 3119 1287 3186 sammaa:

177 3203 276 3271 respuit
293 3203 421 3271 captiosas
439 3207 466 3255 et
481 3202 587 3255 inutiles
604 3201 781 3270 philosophiae
799 3202 961 3269 quaestiones
979 3201 1043 3254 fides
1061 3206 1189 3256 constans.

222 3335 233 3385 l
254 3315 487 3410 pltom'p'wm,
504 3341 526 3410 p
545 3330 572 3382 in
590 3331 706 3396 margine
724 3345 793 3382 man.
806 3329 826 3382 1.
896 3333 912 3384 2
931 3329 1064 3397 callode]
1084 3329 1138 3383 uid.
1159 3329 1286 3395 Roenscln,

178 3433 211 3488 Il.
230 3439 257 3486 et-
273 3431 351 3499 llulg.
369 3447 395 3500 p.
408 3433 458 3487 468
476 3430 508 3484 al.
611 3418 887 3519 ,demo'rxlsstltlltfl
909 3440 963 3489 ΝΞ
980 3431 1009 3484 in
1025 3448 1121 3515 marg}
1139 3437 1224 3486 10111111
1242 3449 1287 3486 110·

179 3535 299 3588 cabulum
316 3534 344 3587 in
362 3549 452 3586 rasura
463 3540 546 3586 exstat
612 3539 634 3588 ιι4
648 3533 713 3601 εει]
729 3534 800 3586 nolui
813 3538 913 3586 mutare
925 3535 952 3586 in
965 3534 1160 3588 coniunctiuum
1172 3535 1287 3598 modum,

179 3637 298 3704 quamuis
318 3645 357 3694 υτ
374 3634 511 3704 praecedat
528 3639 571 3701 lan
588 3651 635 3704 pro
656 3646 694 3695 ut
712 3636 740 3688 iu
758 3638 811 3690 ua
829 3645 864 3695 ετ
882 3635 958 3688 scrib.
976 3635 1043 3704 esti)
1112 3639 1144 3692 10
1162 3646 1287 3718 pegfec

179 3724 371 3815 ll²0²olttltls,
390 3738 460 3806 prior
479 3747 497 3795 ο
516 3737 542 3789 in
561 3753 642 3804 marg.
654 3753 708 3805 pos.
721 3752 790 3790 man.
804 3729 889 3800 I,'sed
906 3753 995 3790 rursus
1012 3736 1057 3790 lin.
1076 3736 1139 3801 del.;
1157 3739 1243 3803 afra,
1257 3744 1288 3796 16

182 3895 213 3947 ra
230 3848 564 3969 omlorpoteosfiffi‘s
586 3856 631 3942 nn.
648 3877 698 3941 'uer
798 3892 830 3944 ra
849 3899 937 3950 υειιε
971 3970 972 3975 ¹
1033 3895 1064 3947 15
1082 3874 1289 3953 celationis

123 4011 124 4016 ¹
176 3995 212 4050 ἰι
231 3977 483 4073 amplexurum.
502 3993 673 4068 supraque.
745 4002 986 4071 imprimimus
1057 3997 1087 4050 rc
1106 3978 1290 4057 εχιιιειιει

183 4092 216 4164 re
232 4104 450 4179 questiones
534 4095 565 4148 ar
586 4076 857 4172 cossanum,
882 4104 940 4153 aro
966 4096 993 4156 in
1015 4096 1133 4164 margine
1153 4095 1206 4176 rur
1222 4107 1289 4157 aro-
