2820 4688
136 257 178 323 42
585 269 791 324 Priscilliani

134 428 225 512 gellis
247 425 251 510 Ι
276 428 324 490 ιιι
351 426 491 509 profetis,
518 443 580 490 non
605 444 696 509 posse
722 425 877 499 damnari;
907 443 985 507 quae
1011 429 1115 489 autom
1140 429 1245 490 contra

135 548 283 594 canonem
309 532 341 592 et
366 532 472 594 uonna
499 527 593 591 fidem
618 527 801 591 catholicam
827 528 966 592 sentiunt
994 527 1244 608 colloquuntur,

135 650 206 695 enm
220 630 363 695 omnibns
373 629 551 694 doctoribus
567 629 783 711 discipulisque
805 630 988 710 damnanda,
1010 630 1083 711 qnia
1096 629 1245 694 scribtum

133 737 195 798 est:
229 733 346 801 omnis
381 732 536 815 spiritns
571 733 631 813 qni
661 732 863 796 confitetur
893 730 1083 797 christum
1111 733 1152 795 de
1181 732 1246 795 deo

135 839 204 916 est,
230 835 293 917 qui
315 838 437 899 autem
458 851 528 898 non
550 834 752 898 confitetur
774 834 815 896 de
837 834 901 898 deo
923 852 994 898 non
1016 837 1081 914 est,
1107 839 1139 898 ct
1157 833 1270 898 alibizo

135 955 237 1001 nemo
251 937 405 1018 loquens
423 937 460 1001 in
475 936 610 1018 spiritu
632 939 755 999 sancto
777 935 868 999 dicit
890 935 1085 1000 anathema
1105 934 1190 999 Iesu
1212 939 1247 1000 ct

135 1056 237 1104 nemo
267 1038 339 1103 nisi
367 1039 404 1102 in
426 1038 560 1121 spiritu
581 1040 704 1101 sancto
721 1037 889 1119 loquitur
911 1032 1095 1101 dominum
1115 1033 1244 1101 Iesum.

31 1183 33 1188 ν
134 1140 200 1204 Noc
214 1141 296 1205 enim
315 1157 371 1203 noa
394 1140 532 1203 damnmi
554 1139 701 1202 dehemus
722 1139 776 1220 qui
797 1139 941 1203 catholici
963 1157 1080 1219 sumus,
1103 1139 1130 1202 si
1151 1139 1248 1203 scrib-

75 1252 114 1306 53
136 1247 229 1321 tures.
252 1244 289 1305 de
319 1242 375 1306 deo
405 1238 581 1324 loquenlltes
612 1241 780 1304 secundnm
810 1261 843 1305 se
871 1241 1017 1305 haeretici
1042 1241 1247 1319 falsanerunt;

136 1344 310 1427 dequibus
337 1347 369 1407 et
394 1344 460 1426 ipss
484 1343 652 1426 Hydatius,
679 1344 732 1425 qni
758 1362 791 1406 se
817 1344 920 1407 minus
946 1361 1081 1426 purgans
1103 1343 1248 1407 infamari
1261 1360 1286 1399 ιι

134 1465 189 1529 per
213 1447 288 1510 haec
314 1446 433 1509 mauult
459 1463 535 1527 quoa
561 1445 673 1509 metuit
698 1445 806 1524 audiri,
835 1445 867 1508 in
889 1445 1016 1509 concilio
1039 1444 1248 1529 Caesaraugu-

136 1553 224 1613 stauo
246 1549 291 1611 sie
313 1549 369 1611 ait:
402 1547 576 1611 damnanda
601 1549 799 1628 damnentur,
827 1547 978 1630 superflua
1003 1565 1064 1612 non
1085 1547 1247 1630 legantur'.

135 1652 172 1714 In
191 1667 250 1733 quo
265 1667 375 1714 corona
395 1655 449 1714 tua
470 1649 615 1732 perspicit
636 1650 730 1714 moris
753 1649 836 1713 illius
851 1668 927 1728 esse,
950 1666 1012 1713 non
1034 1649 1132 1714 nostri
1146 1649 1249 1713 crimi-

137 1754 199 1831 nis,
227 1753 253 1816 si
278 1770 408 1834 quorum
433 1768 496 1815 una
522 1753 675 1816 sententia
704 1756 751 1815 est
780 1751 855 1815 fides
883 1751 1001 1815 dicatur
1026 1769 1094 1814 esse
1116 1752 1247 1815 diuersa

135 1855 263 1936 Propter
277 1854 357 1934 qnod
376 1853 566 1919 uenerabiles
588 1871 696 1917 sensus
719 1857 791 1917 tuos
810 1855 953 1936 petimus,
976 1857 1021 1933 ut,
1041 1855 1067 1917 si
1088 1853 1164 1917 fides
1178 1873 1249 1938 pro-
1262 1869 1286 1910 ιι

136 1957 278 2021 fessionis
300 1960 433 2036 nostroe,
456 1956 624 2020 secundum
646 1956 726 2037 qnod
748 1960 783 2019 tu
802 1956 942 2019 relictam
964 1956 1021 2020 tihi
1043 1956 1080 2019 dc
1102 1957 1249 2038 apostolis

135 2059 245 2137 uadis,
275 2059 307 2122 in
330 2056 334 2140 1
354 2058 409 2122 deo
439 2061 574 2137 constat,
604 2058 630 2120 si
659 2057 839 2121 eclesiarum
869 2060 1043 2121 nostrarum
1071 2058 1250 2123 lauhmonia

135 2160 270 2243 pacificis
293 2160 433 2242 epistulis
456 2158 571 2223 scribta
592 2176 653 2223 non
676 2159 796 2238 desunt,
819 2160 846 2223 si
861 2160 897 2223 de
913 2159 1072 2224 scribtmis
1094 2160 1178 2224 aliud
1193 2178 1250 2224 noc

136 2262 249 2326 sentire
271 2279 434 2343 possumus
457 2280 513 2325 nec
535 2260 695 2341 debemus,
723 2262 750 2325 si
772 2279 862 2326 nemo
884 2266 1024 2325 nostrum
1045 2280 1115 2325 reus
1137 2263 1248 2343 faetus,

136 2381 226 2427 nemo
252 2364 388 2442 auditus,
410 2381 504 2434 ,nemo
530 2364 562 2426 in
589 2363 717 2428 concilio
743 2365 914 2446 depositus,
941 2380 1031 2427 nemo
1058 2365 1152 2428 etium
1177 2382 1248 2428 cnm
1261 2381 1286 2420 ιο

136 2467 218 2528 esset
242 2465 354 2543 laicus,
385 2463 495 2529 obiecti
525 2464 661 2529 criminis
691 2464 870 2547 probatione
892 2467 1056 2530 damnatus
1086 2470 1149 2546 est,
1175 2467 1249 2532 licet

136 2567 224 2631 nonio
251 2566 455 2642 sacerdotium
481 2566 558 2629 nihil
584 2566 681 2649 prosit
707 2570 738 2631 ct
760 2568 858 2649 possit
887 2569 1027 2632 sacerdos
1057 2568 1167 2651 deponi
1196 2570 1249 2652 qui

135 2667 231 2732 laicus
253 2668 365 2731 meruit
385 2671 456 2732 ante
471 2663 618 2747 damnari,
640 2672 776 2750 praestes
799 2670 997 2749 audientiam,
1020 2670 1247 2752 depraecamur,

77 2779 116 2834 ot
138 2771 210 2852 quia
231 2769 373 2835 omnibus
400 2771 500 2834 senior
522 2774 553 2834 et
573 2772 691 2853 primus
713 2769 722 2856 ll
744 2791 790 2846 cs3
819 2772 991 2854 Hydatium
1016 2773 1110 2836 facias
1137 2791 1249 2837 conue-

136 2872 196 2936 niri
222 2890 257 2936 ac
279 2873 306 2935 si
332 2872 464 2938 confidet
485 2872 599 2954 aliquid
625 2871 753 2956 probare
775 2874 812 2937 de
838 2873 940 2954 nobis,
967 2891 1110 2939 coronam
1132 2877 1285 2940 aeternio

137 2975 297 3038 sacerdotii
318 2992 380 3038 non
407 2975 543 3054 omittat,
570 2975 597 3038 si
622 2975 738 3038 zelum
764 2975 901 3046 domini
926 2994 1040 3058 nsque
1066 2976 1248 3041 adfinem

136 3076 229 3139 fuerit
249 3080 436 3158 persecutus
467 3076 525 3140 Uel
538 3074 574 3140 'si
596 3077 707 3141 insitae
733 3076 791 3140 tibi
812 3078 1012 3160 benignitatis
1034 3078 1155 3142 adfectu
1171 3079 1248 3142 nulli

137 3178 185 3241 nis
208 3178 351 3241 inimiam
373 3197 465 3259 quum
486 3166 543 3241 ille
561 3179 648 3243 nohis
672 3180 806 3261 inposuit
828 3181 977 3263 inrogare,
1001 3181 1053 3244 des
1076 3181 1114 3244 ad
1136 3180 1246 3245 fratres

237 3397 292 3450 41.
310 3398 347 3450 Io.
365 3401 389 3460 4,
408 3400 473 3453 2.’3.
544 3397 597 3452 61.
617 3397 673 3452 Cor.
693 3400 732 3462 12,
751 3401 774 3453 3.
845 3402 878 3454 26
895 3399 928 3452 cl.
941 3399 982 3452 Es.
1001 3403 1024 3461 9,
1044 3403 1067 3453 7.

189 3639 202 3691 1
221 3635 335 3716 posse]
350 3636 388 3688 ita
404 3635 469 3699 cod,
486 3636 605 3703 quamuis
624 3646 664 3695 υῐ
681 3636 820 3706 praecedat
878 3641 1049 3699 lomnes
1118 3644 1134 3696 5
1154 3652 1243 3701 ΝοΝ

139 3719 471 3818 uomcoeo'fuuetuc
501 3775 503 3778 .
578 3741 610 3793 1o
633 3727 845 3825 orphanus,
871 3751 878 3795 ι
901 3741 970 3805 (ano
998 3731 1026 3807 ι)
1047 3741 1092 3794 nn.
1115 3742 1173 3806 oen,
1193 3743 1245 3797 rure

120 3876 230 3966 ιιιιι.
307 3893 337 3945 ιι
357 3847 557 3970 ιιιῗιῗιιειυιι,
579 3901 587 3946 ι
605 3891 643 3956 (in
661 3896 730 3971 qur)
747 3890 791 3945 lin.
811 3891 858 3945 del.
935 3896 967 3949 ιι
988 3888 1243 3976 ιιιευρειιιιιι,

140 3989 314 4048 reclinus.
401 3994 434 4047 14
457 3982 538 4074 pus
621 3983 763 4052 hocatuu
786 3984 994 4053 excaecer.
1091 4001 1122 4052 15
1142 4005 1244 4058 υεΝε

139 4075 270 4150 ua'oilos
323 4078 929 4176 ιιιιιριιοιεειιοιιεε,ιιιιριιριιιι.
968 4088 1243 4159 arsaceuhouoru
