2820 4688
155 333 262 391 mm

151 519 211 580 rite
227 517 362 594 delectis,
377 519 422 581 sic
436 518 676 581 reducendorum
687 537 884 583 numerorum
895 536 1017 598 semper
1031 518 1265 583 fundamentum

152 638 277 684 manere
298 639 388 703 posse
409 639 478 684 meo
500 622 566 684 iure
588 621 715 684 conlido.

266 1025 419 1101 oleos
439 1026 498 1100 lv.
528 1027 589 1100 DE
610 1025 781 1102 OROSII
803 1026 1075 1104 comenses
1096 1030 1149 1103 ΕΤ

534 1153 881 1229 EDITIONIBUS.

191 1319 467 1384 Commonitorium
482 1319 665 1384 Orosianum
680 1321 762 1383 inest
782 1321 814 1383 in
823 1321 992 1402 Augustini
1008 1324 1162 1386 nonnullis
1181 1325 1263 1387 codi-

148 1422 234 1485 cibus
256 1428 289 1486 et
301 1422 487 1485 editionibus
509 1427 581 1486 ante
597 1441 669 1485 eum
681 1423 849 1503 Augustini
867 1423 992 1501 librum,
1019 1443 1111 1504 quem
1136 1445 1263 1507 respon-

147 1525 242 1588 sionis
263 1525 330 1588 loeo
351 1525 437 1588 dedit
457 1525 496 1587 sd
514 1523 657 1588 Orosium
678 1530 785 1587 contra
806 1525 1055 1588 Priscillianistas
1077 1531 1108 1589 et
1123 1526 1260 1609 Origeni-

147 1631 221 1690 stas.
254 1628 284 1689 A
298 1646 349 1690 me
371 1626 430 1689 duo
452 1627 570 1690 codices
593 1626 776 1690 adhrbentur
797 1628 844 1689 hi:

188 1729 218 1791 A
229 1755 269 1784 =
285 1730 360 1793 cod.
375 1728 634 1792 Laudunensis
649 1728 762 1811 (Laon)
776 1747 862 1792 num
873 1727 948 1807 330,
963 1749 988 1792 s.
999 1729 1059 1801 IX;
1075 1749 1261 1796 commemo

145 1831 227 1895 rauit
236 1849 306 1894 eum
318 1832 391 1895 olim
402 1831 669 1910 Montefalcouins,
679 1831 754 1895 bibl.
768 1831 842 1894 bibl
854 1831 896 1909 11,
911 1830 1040 1903 1296A;
1056 1852 1137 1896 nunc
1149 1835 1262 1898 deseri·

145 1932 228 1996 bitnn
251 1934 285 1996 in
307 1931 483 2014 ‘Catalogue
509 1933 634 2015 general
662 1934 717 1995 des
743 1933 929 1996 manuscrits
955 1935 1009 1996 des
1036 1934 1261 2016 bibliotbtqnos

144 2034 307 2118 publiques
329 2035 383 2098 des
410 2035 657 2116 departements'‚
682 2035 769 2098 Paris
792 2033 883 2114 1849,
909 2040 983 2098 tom.
1002 2036 1028 2114 I,
1053 2057 1084 2118 p.
1106 2036 1181 2116 184,
1207 2039 1261 2101 ubi

144 2143 227 2202 totns
249 2139 342 2202 codex
364 2155 444 2201 saec.
467 2138 544 2201 VIII
563 2139 614 2202 nel
632 2138 726 2201 VIIII
748 2138 903 2202 tribuitur.
943 2139 1144 2203 Accuratiora
1164 2141 1261 2205 debeo

144 2241 253 2305 cnoro
267 2240 407 2319 Wotlre,
429 2241 483 2321 qui
503 2241 658 2322 protectus
679 2243 713 2304 in
734 2241 842 2304 urbem
868 2241 1105 2305 laudunensem
1125 2243 1260 2306 codicem

142 2345 175 2406 in
202 2361 307 2405 meum
328 2361 420 2405 usum
446 2345 587 2408 excussit.
631 2341 710 2406 Sunt
729 2342 825 2424 igitur
849 2340 892 2403 62
913 2343 988 2405 folia
1007 2344 1042 2406 in
1062 2344 1109 2421 4⁰,
1130 2362 1260 2424 qnorum

143 2446 195 2509 fol.
214 2443 315 2506 1-47
339 2463 433 2508 manu
447 2463 527 2508 saec.
542 2445 573 2508 X
594 2449 719 2508 exarata
732 2448 851 2508 suntet
871 2444 1021 2526 praebent
1034 2445 1139 2510 Sancti
1153 2447 1261 2511 Basilii

143 2548 296 2629 regulam
315 2547 454 2628 seqnitur
472 2552 576 2611 noster
594 2547 695 2611 Orosii
712 2547 791 2610 liber
808 2548 840 2610 in
858 2548 911 2610 fol
929 2546 1165 2612 48-5111121111
1180 2567 1259 2613 saec.

143 2650 236 2713 VIIII
260 2650 403 2730 scriptus,
429 2668 521 2731 quem
547 2650 657 2731 excipit
677 2649 845 2732 Augustini
866 2649 945 2713 liber
970 2651 1010 2712 ad
1028 2649 1171 2714 Orosium
1192 2650 1259 2732 (lot

142 2749 297 2834 51-58);
322 2753 356 2815 iu
379 2751 442 2815 tine
467 2752 578 2816 codicis
604 2752 624 2814 i
649 2771 675 2815 e.
703 2752 755 2815 fol
778 2749 914 2813 ott-62
939 2756 1109 2832 sequuntur
1133 2753 1259 2833 quidam

142 2855 262 2920 articuli
290 2853 447 2918 breuiores
476 2854 604 2937 (‚,Aliud
632 2859 679 2918 est
709 2855 741 2917 in
766 2853 869 2918 Adam
895 2871 1039 2936 peccasse
1073 2871 1110 2900 —·
1139 2855 1173 2918 in
1194 2858 1258 2918 suis

142 2957 357 3031 sacramentis3
384 2992 425 3003 -
448 2955 633 3020 Generalem
661 2957 812 3020 iustitiam
840 2973 902 3019 uon
927 2956 1024 3019 notat
1048 2958 1107 3018 nisi
1132 2957 1259 3023 libidine

141 3064 352 3142 uansgressus
373 3059 466 3122 fuerit
495 3094 529 3104 -
551 3058 748 3141 perhibentur
769 3063 875 3123 autem
896 3057 993 3121 ubera
1015 3059 1200 3122 feminarum
1222 3080 1256 3122 en

141 3163 191 3226 die
212 3179 270 3226 con
286 3212 294 3225 .
311 3211 318 3225 .
336 3160 389 3242 .“).

182 3264 265 3327 B=
285 3265 358 3328 cocl
381 3264 496 3327 Paris.
520 3260 604 3326 2093
625 3283 651 3327 s.
666 3264 754 3328 XIIL
798 3264 870 3326 Fuit
891 3264 965 3328 olim
987 3265 1132 3327 ecclesiae
1154 3263 1257 3329 Sancti

140 3366 275 3430 Amandi
300 3367 332 3430 in
353 3365 473 3430 Pabula
494 3366 639 3448 (monast
659 3365 857 3450 fflnonense),
882 3370 989 3447 postea
1008 3367 1089 3429 inter
1106 3367 1171 3429 cod.
1187 3366 1257 3431 Tel-

140 3469 271 3532 terianos
286 3468 406 3531 delatus
422 3472 479 3547 est,
492 3468 602 3532 deinde
615 3469 692 3551 Reg.
705 3466 804 3542 3633;
822 3502 866 3514 -
879 3485 983 3550 magn.
999 3466 1095 3547 0370
1104 3471 1141 3546 ><
1150 3466 1254 3546 0250.

140 3569 332 3634 Describitur
359 3571 390 3634 in
420 3571 551 3654 catalogi
579 3571 672 3634 codic.
704 3588 856 3633 manuscr.
887 3570 962 3634 bibl.
990 3590 1055 3654 reg.
1088 3576 1175 3653 parte
1197 3572 1255 3651 111,

140 3677 215 3737 tom
229 3672 279 3737 m
296 3672 399 3753 (Paris
415 3671 511 3756 1744)
531 3693 562 3756 p.
578 3672 656 3747 2373
678 3674 816 3737 continet
836 3673 950 3737 multos
971 3675 1139 3757 Augustini
1159 3673 1255 3738 libros

140 3778 173 3840 ct
192 3776 225 3839 iu
246 3774 307 3838 fine
328 3773 458 3839 Gilberti
484 3794 595 3857 poema
621 3777 658 3839 de
678 3775 819 3838 incendio
841 3776 1018 3839 monasterii
1039 3774 1098 3840 Sci
1120 3776 1256 3839 Amandi

104 3926 107 3931 ,
139 3878 227 3942 libris
239 3881 392 3958 quattuor,
403 3879 512 3942 deinde
523 3879 681 3962 epitaphia
691 3878 849 3959 quaedam
877 3876 976 3941 Orosii
991 3879 1255 3942 commonitorium

140 3980 248 4061 incipit
272 3980 378 4043 insol
402 3978 476 4051 120;
502 3982 639 4062 sequitur
660 3979 828 4062 Augustini
851 3981 1018 4061 responsio.
1053 3979 1255 4044 Colla-tionem

140 4082 390 4146 allaximiliano
413 4083 555 4147 Bonnet
582 4083 696 4146 factem
718 4082 851 4165 benigne
873 4100 996 4145 mecum
1017 4081 1255 4145 communicabit

140 4182 267 4248 Carolus
285 4183 514 4268 Zangemeister
535 4183 635 4266 (cuius
650 4186 689 4248 ct.
712 4184 862 4250 ed.01os.
884 4203 914 4266 p.
931 4183 1102 4255 xxxvnt.
