2820 4688
37 237 81 303 54
493 242 697 298 Priscilliani

39 405 254 472 habitaculum
276 398 412 483 corporis
432 399 568 479 patuisse
589 403 654 462 tarn
680 401 794 464 sterilis
823 403 1000 467 aestimator
1028 408 1088 482 ert,
1117 409 1155 469 ut

40 512 132 592 putet
152 523 214 570 non
235 505 269 567 in
290 517 414 566 omnem
437 504 549 562 arram
570 500 668 581 adque
690 502 722 566 in
743 521 866 566 omnem
880 505 1038 568 hominem
1052 507 1153 571 diuini

42 627 153 675 mus
168 610 288 670 secreta
300 602 460 677 clamasse,
475 619 544 662 curn
560 602 707 666 scribtum
723 605 777 667 sit:
796 607 913 668 omnis
927 606 1056 688 lingna
1070 625 1155 672 con·

41 712 200 776 liteatur
217 704 389 788 quoniam
407 701 573 766 dominns
589 702 692 768 Iesus
706 706 743 774 in
761 707 916 788 gloriam
934 706 991 771 dei
1009 710 1154 789 patris?

84 811 127 876 m
158 809 237 886 ideo,
266 802 396 888 quilibet
422 800 475 866 ille
503 804 544 867 sit
572 806 622 885 qni
651 807 727 870 haec
750 812 861 890 neget,
891 827 948 890 ego
975 817 1059 873 certe
1088 813 1193 876 scios

43 912 126 997 quod
157 911 224 975 eiua
256 904 409 990 pharisaei
444 903 568 986 recipiet
600 909 769 972 mercedem
802 910 855 989 qui
886 910 1069 974 adueniente
1097 914 1155 976 do-

45 1015 140 1092 mino,
171 1030 242 1075 cum
270 1007 387 1072 omnis
418 1005 525 1069 turba
552 1027 623 1071 cnm
652 1012 797 1091 apostolis
826 1011 931 1074 iuncta
958 1013 1153 1078 clamaret:

46 1120 208 1190 osanna,
229 1126 368 1174 osanna
389 1108 425 1171 in
447 1107 573 1187 caelis,
594 1109 809 1176 benedictus
832 1114 892 1193 qui
914 1113 1017 1177 nenit
1038 1115 1076 1178 in
1092 1136 1155 1179 no-

46 1218 142 1281 mine
167 1211 323 1288 domini,
346 1209 480 1290 corripi
501 1216 666 1291 oportere
688 1232 747 1278 eos
773 1215 865 1278 dixit
894 1215 947 1295 qui
973 1222 1038 1278 tam
1060 1217 1154 1282 indn-

46 1319 180 1384 bitanter
202 1311 371 1397 praesentis
393 1311 441 1374 dei
459 1310 465 1394 Ι
482 1310 594 1393 glorias
617 1332 677 1378 non
699 1315 851 1380 tacebant.
887 1315 946 1379 Sed
971 1317 1077 1381 uideat
1097 1321 1152 1400 qui
1167 1345 1194 1382 ιο

47 1417 222 1485 huiusmodi
254 1418 301 1478 est
333 1413 444 1477 dixisse
473 1414 644 1479 dominum:
680 1419 827 1481 etiamsi
856 1418 920 1481 isti
953 1420 1153 1502 tacuerint,

48 1519 187 1602 lapidee
209 1515 432 1595 clamabunt,
454 1519 486 1580 et
506 1516 665 1601 intellegat
689 1520 843 1600 qnoniam,
865 1518 892 1582 si
914 1518 1028 1583 duritia
1048 1525 1155 1602 petra·

48 1640 117 1686 rum
146 1618 325 1684 naturaliter
353 1622 546 1700 praemortua
570 1620 609 1683 ad
636 1620 770 1684 dandum
799 1621 1009 1685 testimonium
1039 1623 1096 1688 deo
1118 1625 1153 1689 in

35 1739 140 1786 ‘nsum
161 1721 288 1786 humani
310 1721 459 1786 sermonis
481 1721 643 1801 animatur,
669 1723 819 1804 quomodo
842 1726 1018 1786 sanctorum
1043 1724 1155 1808 lingua

49 1822 252 1906 praecluditur
279 1841 357 1904 qnae
382 1822 421 1886 ad
442 1822 646 1888 confitendum
668 1828 700 1888 et
721 1829 828 1906 suapte
854 1828 964 1888 natura
989 1829 1020 1887 ot
1045 1826 1154 1892 diuina
1166 1851 1194 1891 aa

49 1924 149 2008 gratia
162 1928 360 2008 perurgetur?
382 1923 414 1990 Si
432 1925 514 1990 euim
534 1927 665 2008 gentiles
686 1927 806 1990 animae
827 1927 976 1991 idolorum
998 1927 1106 1992 formis
1121 1935 1154 1995 et

50 2025 241 2091 caerimoniis
262 2027 413 2111 inpeditae
435 2028 539 2092 auium
554 2033 709 2110 praepetes
724 2029 870 2092 transitus
885 2031 916 2091 et
935 2027 1037 2091 dedita
1050 2032 1154 2095 uentis

49 2126 159 2206 itinera
183 2128 346 2211 pinnarum
372 2129 458 2194 uelut
478 2132 517 2195 ad
544 2132 776 2213 praescientiam
798 2129 894 2194 loturi
919 2134 1086 2212 prouentus
1106 2133 1154 2196 lo·

13 2226 184 2309 lqnuntnr
210 2233 242 2295 et
270 2235 407 2296 exterum
435 2250 529 2296 uenae
552 2231 736 2302 animatione
758 2229 877 2316 todioni
900 2231 1024 2313 spiritus
1052 2234 1155 2316 palpi-

51 2333 161 2412 tantes,
183 2333 256 2397 dum
270 2333 361 2398 fidem
377 2333 575 2399 daemonibus
597 2333 679 2412 (lant,
702 2335 849 2397 moritura
869 2337 938 2415 post
959 2338 1153 2399 momentum
1165 2359 1195 2400 ro

51 2430 230 2501 animalium
256 2436 374 2502 uiscera
400 2420 504 2502 lutura
530 2436 744 2520 praenuntiare
770 2435 952 2499 confirmant
974 2439 1005 2497 et
1026 2435 1063 2498 de
1085 2437 1154 2501 uita

50 2536 186 2602 momuos
211 2544 320 2622 rogant
345 2539 509 2605 dicentes
535 2538 650 2620 lapidi
679 2539 804 2620 'surge’
827 2540 861 2599 et
882 2536 982 2618 ligno
1005 2537 1153 2619 'nigila,'

49 2634 154 2717 sicque
176 2642 369 2726 sacrilegium
390 2642 429 2707 ab
458 2641 507 2706 his
530 2640 665 2704 studium
694 2639 812 2718 dicitnr,
835 2638 976 2721 inperitia
1002 2634 1155 2720 sapientia

50 2749 244 2826 nuncupatur
273 2745 480 2810 nescientibus
510 2743 559 2808 his
586 2759 658 2806 non
687 2743 749 2805 deo
780 2760 816 2804 se
846 2741 1059 2804 sacrificare
1090 2743 1153 2805 sed

49 2838 230 2913 daemoni:
253 2848 285 2913 in
306 2864 366 2930 qno
389 2847 416 2912 si
437 2845 550 2911 talibus
572 2845 651 2927 apud
673 2863 705 2907 se
726 2843 824 2926 gloria
845 2845 901 2920 est,
923 2842 1073 2923 quomodo
1096 2859 1193 2907 nossa

49 2939 171 3012 diuinis
200 2955 375 3020 sanctorum
403 2949 576 3032 respuimus
604 2947 820 3029 prolatationes
850 2952 890 3022 et,
924 2945 997 3006 dum
1031 2943 1155 3008 oboedi-

49 3059 119 3110 mue
150 3052 359 3117 uoluntatibus
388 3051 510 3130 nostris,
541 3050 589 3113 his
618 3050 670 3129 qui
701 3048 791 3110 deum
824 3045 1041 3128 proletauerint
1073 3045 1154 3109 inui-

48 3142 158 3215 demue
173 3154 380 3237 relinquentes
395 3153 561 3236 apostolica
575 3153 736 3234 praecepta
754 3149 900 3211 dicentia:
922 3145 1080 3228 spiritns
1095 3165 1155 3210 no-

14 3243 15 3248 ’
48 3243 117 3314 lite
132 3257 356 3341 extinguere,
369 3253 562 3343 lprolctias
578 3252 694 3316 nolite
708 3250 922 3334 repudiare?
936 3247 977 3310 lit
990 3248 1067 3328 ideo,
1082 3249 1156 3330 quia

154 3468 290 3539 arnmpp.
300 3471 324 3531 2,
334 3470 374 3524 ll.
426 3465 716 3527 701.100.19,31-39;
725 3459 893 3521 Mestleta.
946 3460 976 3513 11
989 3457 1052 3512 Luc.
1063 3461 1103 3522 lo,
1112 3460 1154 3514 41).

49 3542 240 3620 2211010002,
254 3558 292 3611 lo.
361 3547 659 3612 aestimatore.
726 3550 760 3602 28
778 3545 798 3599 Ι.
812 3544 900 3597 Thess.
913 3547 937 3604 5,
951 3546 990 3598 19.
1001 3546 1043 3598 20.

95 3746 108 3800 l
128 3739 422 3828 parnasse'etram,
441 3759 461 3807 e
476 3745 547 3803 linea
557 3748 585 3798 et
594 3745 699 3813 puncto,
719 3751 727 3800 l
746 3741 774 3794 in
793 3749 867 3800 tam
883 3738 958 3793 lineis
971 3737 1020 3790 del.
1082 3747 1156 3828 Skile

45 3904 153 4009 tlittle
224 3859 506 4004 acumitensi,
525 3911 712 3997 quaeuneis
730 3910 778 3964 dal.
822 3982 824 3986 y
855 3867 987 3990 aperio,
1011 3917 1023 3964 t
1043 3907 1089 3962 lin.
1106 3907 1157 3965 ‹lnl
1191 3950 1193 3954 ,

50 4063 85 4116 io
104 4059 265 4135 uicerat
334 4076 366 4130 re
384 4027 542 4152 sciptae
610 4045 971 4139 esrcovorolrimrtr
1011 4062 1037 4113 ⁵¹¹
1054 4068 1159 4142 seve
