2820 4688
144 209 204 274 156
585 225 679 279 Pauli
701 224 807 279 Orosii

141 382 219 464 lego,
242 382 449 445 tradiderunt:
480 380 614 462 primum
643 382 745 444 omnia
774 384 939 462 antequam
968 382 1051 446 laeta
1072 387 1257 465 apparerent

142 503 262 566 semper
291 484 323 547 in
353 485 401 546 dei
430 483 580 564 sapientia
608 483 691 546 faeta
712 483 872 563 mansisse,
903 484 1036 547 dieentes
1062 486 1119 548 hoe
1141 485 1254 550 uerbo:

142 586 226 648 'deus
249 588 331 649 enirn
354 603 562 666 quaecumque
583 585 665 664 feeit,
687 585 824 654 faciendo
847 602 906 648 non
930 587 1053 667 eoepit'3
1077 587 1187 651 deinde
1209 589 1255 651 di-

140 692 250 751 xerunt
273 689 451 770 angelorum
473 688 698 768 principatuum
720 691 907 770 potestatum
929 689 1102 752 animarum
1125 707 1160 756 ao
1182 690 1259 754 dae--

141 808 268 853 monum
297 808 393 853 unum
423 789 607 871 principium
637 793 667 853 et
695 807 790 853 unam
819 807 885 852 esse
915 790 1121 854 substantiam
1143 794 1175 854 et
1202 793 1294 859 uelr

141 892 325 974 archangelo
341 893 391 954 uel
407 892 527 954 animae
542 892 592 954 uel
614 891 756 956 daemoni
777 891 876 956 locum
900 910 953 974 pro
976 893 1154 955 meritorum
1178 910 1255 973 qua-

140 993 226 1057 litate
250 994 355 1056 datnm
379 1012 455 1072 esse,
478 998 599 1057 utentes
622 994 679 1056 hoo
701 993 809 1058 uerbo:
840 995 996 1057 'maiorem
1024 994 1126 1059 locum
1152 996 1254 1059 minor

142 1095 233 1177 eulpa
254 1098 441 1177 promeruit.
475 1095 626 1158 Mundum
649 1097 815 1159 nouissime
837 1095 903 1158 ideo
927 1114 993 1159 esse
1015 1096 1141 1174 laetum,
1164 1098 1253 1160 utin

141 1213 175 1259 eo
199 1198 320 1260 animae
342 1200 545 1279 purgarentur
568 1215 644 1277 quae
661 1201 731 1259 ante
746 1201 923 1278 peecarunt;
947 1198 1050 1279 ignem
1065 1215 1139 1261 sane
1154 1204 1254 1262 aeter·-

141 1317 215 1361 num
239 1318 296 1380 quo
319 1303 494 1381 peccatores
517 1301 682 1381 puniantur
704 1318 800 1379 neque
823 1317 889 1362 esse
911 1300 1015 1381 ignem
1030 1318 1138 1363 uerum
1153 1319 1253 1381 neque
1267 1328 1293 1371 ro

141 1404 299 1464 aeternum
322 1400 584 1483 praedieauerunt,
608 1401 743 1464 dieentes
768 1401 880 1464 dietum
905 1419 972 1464 esse
994 1403 1098 1484 ignem
1112 1403 1253 1484 propriae

141 1504 344 1566 eonscientiae
373 1503 578 1584 punitionem,
609 1507 767 1566 aeternnm
797 1507 899 1566 autem
922 1504 1007 1567 iuxta
1034 1504 1253 1586 etymologiam

141 1622 283 1686 graecam
308 1623 369 1668 non
392 1623 458 1668 esse
480 1609 671 1686 perpetuum,
695 1605 788 1667 etiam
809 1605 904 1668 latino
926 1606 1099 1670 testimonio
1123 1606 1252 1685 adiecto,

140 1707 213 1785 quia
242 1708 357 1770 dietum
387 1709 427 1771 sit
455 1708 491 1770 in
524 1712 712 1770 aeternum
745 1711 777 1770 et
806 1707 850 1770 ‘in
884 1708 1069 1771 saeculum
1102 1708 1251 1773 saeculi*

140 1811 346 1891 postposuerit
378 1811 524 1872 aeterno’:
557 1827 592 1872 aa
618 1809 662 1872 sie
684 1827 790 1872 omnes
819 1813 1015 1890 peecatorum·
1035 1809 1153 1873 animas
1180 1816 1253 1891 post
1266 1841 1292 1879 ιε

140 1913 352 1993 purgationem
375 1912 577 1975 eonscientiae
599 1911 629 1974 in
653 1900 801 1974 unitatem
823 1912 956 1992 eorporis
976 1911 1091 1975 Christi
1114 1931 1180 1975 esse
1202 1931 1252 1975 re-

141 2013 266 2078 dituras.
293 2015 464 2078 Uoluerunt
486 2014 578 2077 etiam
600 2014 637 2076 de
659 2013 778 2077 diabolo
802 2014 949 2092 adserere,
973 2014 1026 2076 sed
1046 2032 1107 2079 non
1122 2033 1252 2095 praeua-

140 2117 274 2179 luerunt:
298 2134 333 2179 eo
355 2116 444 2196 quod,
468 2134 538 2178 eum
561 2115 733 2179 substantia
754 2116 843 2179 ineo
866 2114 947 2179 bona
967 2117 1050 2179 faeta
1070 2117 1169 2199 perire
1188 2135 1251 2180 non

139 2219 246 2300 possit,
277 2223 383 2281 exusta
410 2219 441 2281 in
471 2222 571 2280 totum
592 2218 710 2281 malitia
738 2216 850 2280 diaboli
879 2218 1039 2298 aliquando
1069 2218 1251 2282 saluandam

141 2339 208 2383 esse
230 2320 444 2384 substantiam.
467 2318 514 2382 De
537 2338 659 2402 corpore
682 2338 754 2383 uero
774 2320 888 2383 domini
904 2321 947 2382 sio
962 2320 1152 2384 tradiderunt
1167 2322 1249 2400 quia,
1264 2353 1293 2391 20

141 2440 329 2502 sumusque
358 2422 396 2484 ad
423 2439 478 2486 nos
500 2407 626 2485 ueniens
649 2422 728 2484 filius
756 2422 805 2483 dei
826 2426 895 2502 post
917 2424 963 2484 tot
988 2422 1074 2484 milia
1099 2439 1250 2485 annornm

140 2526 254 2589 otiosus
270 2542 414 2607 eousque
433 2543 494 2587 non
516 2524 616 2603 fuerit,
640 2524 692 2586 sed
713 2524 890 2607 praedicans
905 2525 1116 2586 remissionem
1132 2526 1250 2606 angelis

140 2626 344 2708 potestatibus
360 2630 450 2707 atque
466 2627 617 2689 uniuersis
630 2626 846 2708 superioribus,
862 2643 932 2688 oum
944 2626 1122 2706 qualitatem
1132 2627 1250 2690 formae

141 2746 246 2792 eorum
268 2746 343 2808 quos
365 2730 504 2792 uisitaret
520 2728 703 2807 adsumeret,
726 2746 822 2808 usque
837 2729 875 2790 ad
889 2728 1132 2810 palpabilitatem
1147 2728 1249 2792 earnis

141 2831 360 2912 adsumptionis
383 2831 483 2912 speeie
506 2830 685 2893 orassuisse:
715 2831 772 2894 hoe
801 2831 941 2912 passione
971 2833 1002 2893 et
1026 2830 1248 2902 resurreetione
1261 2857 1290 2896 re

140 2933 357 3012 determinans,
378 2952 483 2996 rursus
506 2933 602 2996 donee
623 2951 719 3014 usque
739 2933 777 2996 ad
792 2937 909 3014 patrem
925 2933 1044 2996 ueniret
1059 2931 1249 2995 ascendendo

243 3070 274 3124 14
291 3068 333 3120 Pa.
346 3070 370 3130 9,
383 3069 412 3130 oe
430 3066 580 3130 10‚16a1.;
597 3071 709 3137 Adparet.
728 3074 820 3123 eontra
838 3069 922 3122 Pn'ae.
941 3084 962 3121 e.
981 3071 997 3120 5
1013 3084 1066 3135 sqq.

242 3191 258 3242 6
276 3187 308 3240 ef.
320 3187 401 3240 Priso.
415 3202 471 3239 ean.
483 3185 614 3239 LXXXII.
667 3190 812 3256 iAapaet.
825 3193 917 3242 eontra
928 3187 1013 3241 Prisc.
1027 3191 1076 3240 e9
1129 3188 1161 3242 19
1179 3181 1249 3241 diab'.

141 3274 174 3328 al.
192 3273 256 3327 soler.
274 3290 296 3327 e.
313 3272 407 3341 subst]
430 3270 462 3325 de
483 3272 532 3325 hae
552 3272 675 3342 Origenes
696 3271 825 3325 sententia
842 3271 875 3325 ef.
892 3287 913 3324 e.
929 3287 954 3339 g.
973 3274 1084 3340 August.
1103 3273 1134 3324 de
1150 3273 1248 3333 beerea.

141 3378 162 3414 e.
174 3365 221 3426 433
238 3359 435 3413 Proedestinatt
452 3359 483 3411 de
500 3359 570 3412 baar.
590 3359 633 3411 lib.
652 3359 709 3422 Le.
722 3363 762 3412 43.
830 3359 863 3410 24
881 3355 914 3409 ef.
936 3355 1051 3422 dosa,
1068 3356 1132 3408 ada.
1146 3372 1248 3424 popam

141 3448 226 3510 57,11
245 3444 377 3510 Zangem.:
395 3442 536 3510 (tenebrae)
555 3443 725 3496 crassitudine
742 3441 890 3509 palpabiles.

185 3563 336 3634 lprimnm
358 3562 476 3618 oninium
497 3563 525 3616 Β
592 3561 701 3629 beepit
719 3562 755 3626 A,
777 3561 847 3630 cepit
867 3561 895 3614 Β
962 3559 1202 3629 dpromeritorum
1222 3561 1250 3613 B

141 3653 224 3719 8pro
241 3648 299 3701 ideo
313 3665 372 3716 poa.
390 3647 495 3705 omnino
512 3648 540 3701 Β
600 3649 616 3700 9
633 3649 807 3714 peccauerunt
822 3644 877 3701 Ba
941 3649 973 3703 10
990 3661 1073 3713 neque
1089 3645 1177 3712 ignem
1194 3660 1250 3697 esse

141 3751 223 3802 neque
242 3739 290 3787 aet
309 3734 368 3801 (one.
387 3733 489 3801 uerum)
505 3734 533 3787 Β
594 3736 623 3787 11
643 3730 743 3784 dietum
760 3733 791 3786 in
806 3732 1016 3786 rae.maa.1B
1068 3733 1100 3786 12
1117 3729 1249 3782 aethimol

141 3823 177 3886 A,
195 3819 310 3890 ethimol.
330 3820 357 3873 Β
409 3822 441 3875 14
458 3817 558 3870 dietum
575 3826 589 3870 e
607 3816 648 3884 (=
668 3819 716 3884 ost)
734 3818 760 3870 Β
816 3818 849 3872 20
867 3816 933 3885 esse]
951 3818 1082 3884 cfisupra
1093 3815 1130 3869 od
1137 3832 1166 3883 p.
1179 3819 1249 3881 421

141 3907 174 3959 22
192 3905 292 3957 ociosus
309 3905 362 3958 AB
406 3900 809 3968 tdassumeretetusqueadB
854 3901 1019 3969 25spetieB
1064 3900 1203 3953 erassuisse
1214 3900 1250 3965 A,

141 3991 292 4043 transiuisse
309 3987 372 4055 Ba,
390 3988 460 4043 ‘edit
479 3989 648 4042 Amerbuebie’
664 3994 689 4041 el
706 3987 816 4041 masna
837 3986 921 4055 speeie
942 3987 1052 4039 crassius
1073 4001 1100 4037 se
1121 3985 1171 4036 hae
1191 3999 1250 4050 pas·

141 4075 212 4128 sione
230 4074 275 4127 ἅθ’
293 4074 308 4128 b
377 4075 410 4128 26
427 4072 536 4125 astando
545 4072 573 4140 (1)
591 4074 625 4138 A,
643 4071 804 4125 ascendendo
821 4073 856 4138 Β,
874 4069 1053 4124 adscendendo
1069 4068 1097 4125 2
