2820 4688
216 159 306 218 xnvl

145 345 154 365 ·’
187 309 192 325 ”
215 326 416 391 bibliothecae
430 325 693 408 wirceburgensis
708 325 888 407 praefectus,
911 325 964 406 qui
982 329 1017 388 ut
1032 324 1167 389 codicem
1182 325 1223 388 W
1239 329 1322 389 tran·

129 481 131 484 ,
179 474 182 480 ·
216 428 379 494 scriberem
402 428 572 508 totiensque
595 428 730 510 singulos
751 427 833 491 locos
854 426 1036 509 inspicerem
1062 427 1150 492 facile
1172 428 1322 510 permisit,

201 529 385 595 Guilelmus
408 530 449 593 de
470 529 601 593 Hartel
623 529 670 592 uir
692 547 830 593 summus
854 533 885 592 et
904 527 1027 593 Samuel
1048 529 1184 593 Brandt
1205 530 1322 594 amicus

214 632 535 711 beneuolentissimus‚
573 633 624 712 qui
660 632 691 694 in
724 629 908 713 corrigendis
943 631 1075 714 plagulis
1112 651 1162 695 me
1199 633 1323 696 adiuue-

194 738 296 819 Ι111111,
317 733 514 797 Hermannus
536 733 701 797 Boensch
722 733 770 796 uir
791 731 987 811 uenerabilis,
1009 733 1070 814 qui,
1093 752 1162 797 cum
1183 734 1215 796 in
1237 738 1322 798 tanta

216 836 394 900 citationum
422 834 604 899 biblicarum
633 835 714 899 mole
742 853 781 898 ne
807 853 857 898 me
885 834 1037 917 fugissent
1063 853 1183 898 uererer
1209 835 1324 925 aliquot

142 961 165 1009 ,·
215 939 284 1018 loci,
306 937 514 1021 duodeuiginti
534 937 615 1000 locos
631 937 706 1001 mihi
720 937 864 1000 indicauit
885 953 967 1000 ame
982 940 1072 1000 antea
1092 938 1322 1019 praetermissos

216 1039 315 1121 (uelut
332 1039 385 1102 IV.
401 1039 488 1102 Esdr.
512 1056 577 1120 cap.
596 1037 658 1122 14),
681 1037 803 1104 Samuel
817 1037 954 1121 Berger
975 1041 1006 1101 et
1020 1038 1194 1103 Theodoms
1209 1039 1321 1119 Zchu,

216 1143 269 1223 qui
293 1143 332 1205 ad
357 1141 548 1223 quaestiones
574 1140 701 1205 biblicae
724 1140 801 1204 mihi
826 1141 1056 1223 responderunt,
1076 1141 1215 1206 Adamus
1237 1142 1338 1210 deni»

213 1261 274 1324 que
296 1243 470 1323 Eussner,
493 1243 540 1306 uir
561 1242 760 1306 humanitatis
783 1242 918 1306 eximiae.

259 1344 372 1425 Quodsi
393 1347 590 1423 cunctantem
610 1363 660 1407 me
682 1346 714 1407 et
727 1344 875 1425 quaedam
898 1344 1020 1427 incepta
1040 1346 1138 1429 magis
1153 1364 1245 1428 quam
1268 1347 1321 1411 ab·

217 1448 317 1511 soluta
338 1465 405 1510 esse
430 1446 659 1529 intellegentem
684 1463 745 1510 non
770 1446 860 1528 pauci
885 1451 1069 1511 monuerunt
1094 1449 1153 1519 uiri
1175 1449 1265 1528 docti,
1287 1453 1322 1513 ut

217 1554 332 1631 quanta
357 1567 480 1630 possem
508 1549 662 1612 celeritate
691 1566 769 1630 quae
801 1549 987 1613 iuueniseem
1017 1550 1147 1629 ederem,
1180 1551 1320 1633 equidem

217 1653 357 1733 quamuis
373 1669 462 1733 saepe
477 1651 639 1734 impeditus
654 1650 790 1715 muneris
804 1650 917 1733 publici
936 1651 1083 1734 angustiis
1098 1656 1202 1716 tamen
1217 1653 1322 1736 negle-

217 1773 288 1838 gere
313 1754 345 1817 id
365 1753 525 1817 consilium
545 1754 629 1816 nolui
654 1757 686 1816 et
705 1753 763 1816 hae
788 1771 858 1816 mea
880 1753 1009 1817 editione
1035 1755 1169 1836 principe
1196 1756 1321 1838 eiusque

82 1897 84 1900 >
217 1855 443 1920 commentariis
466 1857 498 1918 et
509 1853 659 1918 iudicibus
674 1854 763 1918 firma
777 1855 885 1918 saltem
900 1855 1098 1920 fundamenta
1120 1860 1151 1920 et
1165 1857 1321 1921 substruc-

217 1959 333 2022 tionem
353 1957 445 2020 fidam
461 1974 511 2020 me
529 1974 720 2037 comparasse
736 1975 833 2038 spero,
854 1956 1010 2038 inquibus
1032 1957 1161 2021 aliorum
1174 1959 1321 2024 insistant
1388 2001 1390 2004 -

218 2063 250 2123 et
264 2059 473 2142 theologorum
494 2061 527 2122 et
540 2057 761 2141 philologorum
784 2059 892 2122 studia.
935 2058 1065 2123 Prodest
1089 2060 1184 2142 igitur
1205 2067 1319 2142 auctor,

218 2180 310 2243 quem
335 2165 400 2225 tam
424 2161 516 2242 longa
536 2163 651 2224 texerat
672 2160 794 2240 obliuio,
819 2160 1024 2242 propitiosque
1048 2161 1184 2226 inueniat
1204 2161 1319 2227 iudices

220 2268 251 2326 et
272 2262 331 2326 sibi
352 2267 383 2326 et
405 2262 519 2326 editori.

263 2465 438 2532 Scribebam
460 2445 651 2549 woeeomgo
673 2484 777 2530 mense
799 2467 938 2551 Augusto
959 2486 985 2532 a
1004 2465 1094 2533 1888.

925 2735 1085 2836 deorgiue
1110 2736 1264 2839 Sohepss.
1297 2720 1299 2722 ’
