2820 4688
519 673 873 790 PRAEFATIO.

139 1007 274 1083 CAPUT
289 1010 314 1083 Ι.
334 1009 389 1084 DE
401 1011 612 1088 unionum
624 1013 805 1088 n'oslme
820 1012 1028 1088 EDITIONIS
1040 1013 1251 1088 PRINCIPIS

138 1135 318 1209 RATIONE
347 1136 396 1209 ill
426 1138 479 1210 DE
509 1139 739 1214 PRIORIBUS
768 1140 840 1218 QUI
871 1140 924 1213 llE
955 1139 1250 1216 PRISOlLLlANO.

411 1264 688 1342 SCRIPSERUNT
710 1266 979 1342 AUCTORIBUS.

180 1416 335 1517 Quamuis
358 1451 448 1513 multi
471 1451 533 1512 sint
555 1456 585 1513 et
608 1452 715 1532 prioris
739 1457 770 1514 et
788 1453 965 1515 recentioris
989 1454 1056 1516 aeui
1079 1453 1250 1535 scriptores,

137 1551 248 1631 quide
274 1552 464 1616 Priscilliano
491 1553 586 1616 uerba
618 1555 764 1633 fecerunt,
793 1555 1043 1618 desiderabantur
1069 1560 1173 1618 tamen
1200 1556 1251 1618 ad-

137 1653 197 1714 huc
219 1655 343 1734 genuini
369 1655 465 1735 ipsius
487 1655 558 1718 libri
584 1660 614 1718 et
635 1657 680 1718 ita
701 1655 886 1719 uidebantur
907 1657 1069 1734 interiisse,
1096 1660 1130 1719 ut
1153 1662 1252 1720 totum

137 1755 173 1818 de
202 1773 237 1817 eo
265 1756 411 1818 iudicium
440 1756 478 1819 ab
509 1758 573 1820 eius
604 1758 735 1821 inimicis
765 1758 926 1840 penderet,
957 1758 988 1819 in
1016 1758 1125 1838 quibus
1156 1759 1252 1820 maxi·

141 1875 221 1919 mem
237 1855 369 1938 Sulpicio
385 1857 495 1921 Seuero
518 1859 723 1922 concedebant
745 1861 965 1923 auctoritatem.
1004 1860 1145 1923 Feliciter
1159 1860 1252 1942 igitur

84 1972 85 1976 ’
140 1962 276 2041 contigit,
306 1966 349 2039 ut,
380 1981 450 2024 curn
477 1965 659 2026 uetustiores
682 1962 883 2027 bibliothecae
905 1964 1113 2026 uniuersitatis
1137 1964 1252 2026 Wirce-

139 2061 298 2144 burgensis
321 2064 439 2138 codices
462 2066 630 2128 accuratius
653 2067 882 2148 perlustrarem,
906 2070 1053 2128 autumno
1076 2063 1252 2128 anni1885

137 2166 168 2229 in
196 2167 330 2228 codicem
360 2167 487 2230 saecV
514 2169 564 2230 uel
584 2168 627 2232 VI
653 2169 833 2247 inciderem,
863 2170 915 2248 qui
945 2169 1076 2231 auctoris
1105 2168 1185 2231 illius
1212 2167 1251 2231 ab

136 2268 279 2332 omnibus
302 2269 454 2351 desperati
479 2271 621 2334 undecim
643 2275 791 2334 tractatus
815 2273 959 2335 continet.
1004 2271 1084 2334 Nam
1107 2271 1165 2333 etsi
1185 2269 1252 2333 Pri-

137 2371 268 2434 scilliani
295 2389 406 2434 nomen
433 2373 464 2434 in
491 2374 606 2451 codice,
636 2374 668 2436 in
694 2391 753 2454 quo
783 2373 985 2437 bibliothecae
1012 2375 1168 2455 catalogus
1195 2372 1252 2435 ‘in-

137 2474 212 2536 certi
235 2475 366 2536 auotoris
386 2476 533 2555 opuscula
547 2477 713 2557 patristica‘
737 2477 838 2538 inesse
860 2477 962 2554 refert,
986 2494 1137 2555 nusquam
1160 2493 1252 2556 appa-

136 2580 192 2653 ret,
222 2579 325 2637 tamen
353 2594 423 2638 mox
450 2577 526 2638 mihi
554 2581 586 2639 et
612 2578 680 2639 aliis
707 2579 845 2659 persuasi
872 2577 938 2639 fieri
964 2595 1025 2639 non
1050 2594 1150 2659 posse,
1177 2577 1251 2657 quin

136 2678 190 2740 alii
220 2678 335 2740 auctori
363 2696 455 2758 quam
485 2678 678 2742 Priscilliano
711 2680 756 2742 illi
785 2684 933 2742 tractatus
963 2679 1169 2742 tribuerentur
1198 2679 1249 2760 (cf.

137 2781 262 2843 nomina
289 2781 411 2861 propria
438 2781 470 2844 in
500 2785 586 2845 tract.
607 2781 623 2845 I
646 2785 675 2844 et
696 2781 728 2843 Π
755 2781 847 2844 obuia
876 2783 1013 2844 et'loeos
1035 2782 1197 2863 parallelos
1219 2782 1250 2844 in

137 2884 240 2946 ‘Arch
256 2884 277 2945 f.
295 2869 612 2965 letherilrographie‘
634 2883 692 2963 III,
715 2904 744 2965 p.
762 2883 823 2945 309
839 2888 902 2947 not.
926 2903 944 2946 a
966 2903 1015 2945 me
1039 2889 1250 2956 enumeratos;

137 2986 175 3048 ad
198 3002 273 3064 quos
296 2985 385 3047 facile
408 2986 477 3048 addi
499 2990 628 3066 possunt
651 2986 741 3048 multi
757 2987 809 3049 alii
824 2987 882 3048 loci
898 3006 933 3048 er
949 2987 1047 3048 indice
1062 2986 1249 3062 uerborum).

137 3088 312 3151 Accedebat
345 3088 425 3168 quod
451 3089 591 3151 anecdoti
623 3089 685 3151 mei
718 3089 850 3169 pretium
883 3090 987 3170 augeri
1019 3089 1153 3151 intellexi
1182 3108 1250 3169 per·

137 3190 244 3252 multis
266 3190 339 3252 locis
362 3188 483 3253 biblicis
510 3191 739 3254 aPriscilliano
768 3192 936 3253 secundum
966 3192 1137 3253 uersionem
1165 3196 1250 3252 ante-

137 3293 402 3372 hieronymianam
424 3293 562 3374 allegatis
587 3298 618 3356 et
636 3294 688 3374 qui
702 3294 930 3373 publicarentur
945 3293 1141 3375 dignissimis.
1173 3293 1249 3356 (lum

137 3395 230 3476 igitur
245 3395 430 3457 edendorum
445 3396 587 3458 undecim
602 3400 790 3459 tractatuum
806 3397 954 3477 cepissem
970 3396 1141 3474 consilium,
1158 3397 1249 3459 etiam

138 3501 280 3559 ‘canones
304 3498 504 3577 epistularum
521 3497 549 3562 S.
567 3499 662 3561 Pauli*
679 3500 902 3561 aPriscillieno
918 3499 1040 3578 quidem
1056 3501 1249 3579 compositos,

137 3600 191 3663 sed
221 3618 239 3661 a
264 3600 428 3681 Peregrino
457 3601 635 3663 emendatos
666 3602 775 3664 addere
805 3603 958 3680 constitui,
988 3620 1063 3682 quos
1094 3602 1132 3663 ad
1160 3604 1250 3684 longe
1341 3661 1343 3666 ,

136 3685 269 3783 plurium
282 3704 503 3783 meliorumque
515 3722 606 3783 quarn
619 3705 782 3767 Zachariae
793 3704 929 3784 Maiique
941 3704 1014 3784 (uid.
1023 3705 1103 3767 infra
1114 3723 1179 3786 cap.
1189 3704 1254 3786 ΙΙΙ),

136 3805 284 3867 librorum
314 3804 405 3867 fidem
435 3806 484 3867 edi
512 3825 601 3886 posse
632 3808 775 3887 cognoui,
806 3807 957 3886 simulque
984 3807 1250 3869 commonitorium

138 3907 248 3984 Orosii,
271 3907 302 3968 in
324 3926 383 3987 quo
399 3908 590 3978 ‚Priscilliani
616 3910 823 3989 fragmentum
847 3913 995 3986 seruatur,
1023 3909 1177 3990 integrum
1199 3927 1250 3971 ex·

138 4012 242 4072 cutere
264 4009 366 4071 uisum
388 4014 445 4095 est,
468 4028 539 4073 cum
560 4010 739 4092 praesertim
755 4011 984 4091 Zangemeister
1005 4030 1034 4072 u.
1051 4011 1088 4073 ol.
1104 4012 1135 4073 in
1151 4009 1250 4074 Orosii

139 4111 270 4173 editione
286 4111 380 4192 (corp.
398 4112 500 4192 script.
518 4114 588 4175 eccl.
606 4112 748 4190 Uindob,
764 4113 823 4173 nol.
840 4113 880 4194 V)
903 4115 1041 4176 consulto
1057 4113 1088 4174 id
1103 4113 1248 4182 omiserit.
