2820 4688
203 220 246 285 52
654 237 857 292 Priuernum

203 396 271 455 tum
293 397 352 456 est:
383 410 485 456 nemo
516 393 609 454 enim
639 393 729 455 dieit
748 393 785 454 in
814 392 947 473 spiritu
970 394 1094 455 saneto
1120 391 1314 455 anatliema

202 494 286 556 Iesu
309 496 343 556 et
364 511 466 556 nemo
487 493 562 556 nisi
583 495 618 556 in
641 494 772 575 spiritu
795 498 919 556 sancto
941 493 1104 573 loquitur
1129 492 1312 556 dominum

202 595 330 657 Iesum.
353 595 491 675 Denique
513 595 545 658 in
567 596 698 675 antiquis
720 595 868 658 librorum
890 595 1097 658 monumentis
1120 612 1190 656 cum
1216 596 1313 657 testa·

202 699 342 759 mentum
371 695 590 759 scribturarum
619 697 756 760 diabolus
785 696 942 776 inuideret,
971 695 1165 759 Hierusalem
1191 691 1309 779 capta!

201 799 316 880 polluto
346 798 452 861 altario
482 799 596 862 domiui
624 799 731 861 distrui
759 799 909 879 templum
940 798 1013 860 satis
1044 815 1104 859 non
1134 796 1205 868 fuit3
1237 810 1336 861 namo

202 901 273 980 quia
294 900 382 962 facile
404 903 478 979 erat,
501 904 535 962 ut
556 917 633 980 quae
655 900 830 962 manufacta
852 903 938 963 erant
958 900 991 961 in
1012 898 1196 962 manufactis
1217 897 1311 962 homo

200 1001 348 1080 redderet,
371 1019 441 1064 area
461 1002 585 1064 incensa
607 1005 653 1063 est
675 1001 859 1080 testamenti,
883 1001 996 1064 sciente
1019 1000 1138 1064 diabolo
1161 999 1243 1081 quod
1262 1000 1311 1063 fa·

201 1103 258 1166 oile
288 1106 397 1167 natura
425 1103 586 1166 hominum
615 1103 749 1185 obligata
777 1104 898 1167 saeculo
926 1102 1019 1166 fidem
1044 1102 1192 1183 perderet,
1222 1102 1249 1165 si
1271 1101 1310 1164 ad

200 1205 455 1286 praedicationem
478 1191 571 1268 diuini
592 1206 724 1268 nominis
747 1205 964 1268 scribturarum
986 1204 1160 1267 testimonia
1178 1221 1239 1267 non
1254 1203 1310 1266 ha-

200 1306 294 1370 beret.
328 1305 387 1370 Sed
402 1308 536 1389 argutior
555 1307 648 1369 diuini
670 1307 805 1388 mysterii
826 1310 935 1369 natura
956 1324 1049 1386 quam
1071 1305 1197 1384 diabuli,
1219 1323 1308 1386 quae,
1323 1319 1350 1357 ιο

200 1412 234 1471 ut
259 1408 331 1489 quid
352 1409 427 1471 deus
448 1409 480 1471 in
506 1409 628 1472 homine
653 1411 758 1489 posset
780 1408 961 1487 ostenderet,
988 1408 1138 1471 reseruari
1155 1406 1308 1470 Hesdram

199 1511 296 1573 uoluit
321 1510 373 1590 qui
402 1511 455 1573 illa
481 1529 558 1591 quae
586 1510 707 1572 fueraut·
734 1511 859 1572 incensa
880 1509 1042 1574 rescribsit.
1080 1507 1163 1587 Quae
1186 1510 1212 1572 si
1237 1528 1309 1572 uere

199 1613 322 1675 incensa
351 1616 381 1676 et
409 1631 480 1675 uere
506 1611 657 1675 oredimus
679 1612 772 1674 luisse
794 1612 949 1690 rescribta,
979 1612 1119 1692 quamuis
1149 1612 1310 1674 incensum

139 1721 177 1775 68
200 1710 428 1796 testamentum
442 1715 562 1795 legatur
576 1714 608 1776 in
623 1731 747 1792 canone,
762 1715 945 1795 rescriptum
959 1713 997 1776 ab
1012 1713 1133 1777 Hesdra
1146 1714 1177 1776 in
1193 1731 1310 1788 canone

199 1833 260 1878 non
281 1816 402 1898 legitur,
424 1819 538 1894 tamen,
560 1816 631 1896 quia
648 1820 719 1897 post
732 1817 893 1879 incensum
908 1818 1126 1886 testamentum
1141 1814 1227 1878 reddi
1246 1827 1348 1879 non1⁵

199 1917 297 1997 potuit
318 1916 378 1979 uisi
403 1917 512 1980 fuisset
534 1917 692 1996 scribtum,
713 1921 794 1981 reete
814 1918 861 1981 illi
881 1917 958 1981 libro
987 1917 1079 1980 fidem
1109 1917 1226 1996 damus,
1256 1918 1309 1999 qui

197 2018 319 2081 Hesdra
337 2023 458 2082 anctore
472 2019 619 2100 prolatus,
642 2020 699 2082 etsi
713 2019 746 2081 in
760 2037 875 2083 canone
890 2035 951 2081 non
966 2019 1098 2100 ponitur,
1121 2019 1159 2081 ad
1175 2019 1309 2101 elogium

197 2118 307 2183 redditi
329 2120 422 2183 diuini
443 2121 618 2184 testamenti
640 2121 732 2202 digna
752 2139 855 2184 rerum
877 2121 1071 2184 ueneratione
1092 2122 1253 2194 retinetur;
1275 2122 1307 2185 in

198 2240 258 2303 quo
280 2225 383 2284 tamen
404 2222 535 2305 legimus
558 2223 703 2303 seriptum
726 2223 866 2303 spiritum
881 2226 1021 2285 sanctum
1037 2222 1075 2284 ab
1094 2223 1178 2286 initio
1194 2224 1307 2286 saeculi

198 2327 229 2387 et
249 2324 408 2388 hominnm
430 2329 585 2388 atrorum
606 2328 694 2408 gesta
715 2326 897 2388 retinentem
918 2343 969 2388 eor
991 2324 1077 2387 eleoti
1105 2325 1237 2388 hominis
1258 2326 1307 2389 in·
1319 2337 1346 2376 2⁰

197 2429 295 2489 trasse
317 2429 356 2506 et,
379 2427 459 2506 quod
480 2427 530 2489 uir
552 2416 590 2489 ad
611 2427 780 2489 humanam
801 2427 980 2490 memoriam
1002 2425 1106 2490 seribti
1121 2427 1219 2489 forma
1233 2428 1307 2491 reti·

197 2531 292 2606 neret,
307 2528 410 2593 ordine
425 2544 551 2590 numero
567 2528 682 2591 ratione
697 2528 833 2608 repetita,
850 2546 920 2590 cum
934 2546 997 2608 per
1016 2526 1021 2610 Ι
1041 2528 1133 2590 diem
1151 2528 1305 2608 loquens

197 2633 233 2693 et
254 2633 357 2693 noete
377 2647 446 2693 non
462 2632 587 2692 tacens
603 2628 756 2708 scriberet,
772 2630 874 2692 omnia
887 2628 965 2710 quae
980 2633 1068 2712 gesta
1082 2629 1222 2692 uidentur
1237 2648 1306 2696 esse

196 2731 247 2794 uel
268 2731 398 2813 legimus
418 2731 531 2795 scribta
552 2731 591 2794 ad
612 2732 779 2794 humanam
799 2732 977 2816 memoriam
992 2731 1169 2794 condidisse.
1193 2731 1305 2811 Inque

195 2832 272 2897 libet
286 2833 468 2897 exclamare:
484 2835 544 2896 est!
560 2833 664 2896 hosat!
679 2833 817 2913 qualiter,
840 2849 923 2914 rogo,
937 2850 1035 2913 pauca
1050 2851 1085 2894 er
1100 2832 1147 2894 his
1165 2833 1304 2914 legentes
1317 2853 1343 2894 aa

297 2970 311 3022 l
334 2967 356 3020 1.
373 2965 430 3020 Cor.
448 2969 489 3029 12,
505 2969 528 3021 3.
616 2969 647 3021 13
669 2982 705 3033 aq.
729 2965 761 3019 of.
780 2965 825 3019 IV.
841 2966 904 3033 Reg.
922 2967 963 3028 25,
980 2967 1008 3028 9;
1025 2964 1070 3018 IV.
1086 2965 1147 3018 Esd.
1166 2967 1206 3026 14,
1218 2969 1250 3023 21

196 3051 230 3104 ad
241 3068 266 3104 u.
280 3053 379 3107 14-24
391 3051 443 3104 uid.
457 3051 502 3105 1v.
513 3051 574 3104 Esd.
587 3053 644 3118 (lad.
657 3053 812 3120 apocryph.)
828 3067 850 3105 o.
863 3053 895 3105 14
912 3050 1042 3118 (inprimis
1054 3067 1079 3103 u.
1091 3052 1132 3105 22.
1145 3052 1185 3105 25.
1197 3054 1239 3106 40.
1250 3053 1304 3122 43.)

195 3138 229 3191 22
246 3135 278 3189 cf.
290 3135 336 3190 IV.
348 3135 409 3190 usn.
423 3139 462 3200 14,
474 3139 520 3198 43;
537 3136 579 3189 Ps.
592 3139 632 3198 21,
646 3138 669 3190 3.

296 3257 327 3310 11
346 3253 379 3308 ef.
395 3255 464 3308 iuter
485 3255 549 3308 alios
572 3256 686 3322 Tertulli,
708 3255 740 3309 de
761 3256 834 3309 molta
854 3258 914 3322 soro.
932 3256 955 3322 Ι,
972 3271 993 3309 e.
1010 3259 1027 3307 3
1048 3253 1089 3322 (=
1106 3253 1130 3329 l,
1146 3266 1171 3322 p.
1190 3258 1240 3311 705
1260 3256 1301 3311 ed.

195 3336 309 3405 Oehler):
327 3354 402 3392 omne
420 3340 622 3392 instrumentum
633 3339 754 3392 Iudaicae
770 3339 931 3392 litteraturae
951 3354 998 3406 per
1014 3337 1125 3391 Esdram
1142 3342 1244 3393 constat
1261 3357 1302 3394 re·

194 3426 352 3486 stauratum3
369 3425 533 3493 Hieronym,
551 3425 583 3478 dc
597 3441 671 3492 pern
689 3427 757 3493 airy.
777 3427 799 3478 b.
818 3425 857 3478 M.
876 3441 896 3478 e.
915 3428 939 3491 7,
957 3429 984 3476 et
1000 3429 1094 3477 contro
1109 3424 1237 3492 Uicilaat.
1251 3431 1302 3481 a?

194 3508 292 3575 (Migne
304 3511 345 3572 23,
363 3508 473 3564 ool.190
490 3511 517 3562 et
534 3509 580 3562 ool.
593 3510 666 3576 344),
683 3509 758 3576 Irin,
771 3510 836 3577 orio.
853 3509 936 3576 V,39,
947 3511 995 3573 20,·
1016 3508 1063 3575 VI,
1074 3511 1099 3576 3,
1110 3512 1135 3562 2.
1187 3511 1221 3564 25
1232 3505 1301 3565 Boe-

194 3596 273 3662 thius,
290 3595 322 3648 dc
339 3584 576 3663 meletulo.
591 3597 639 3649 160
656 3594 696 3647 ed.
714 3594 798 3662 Peip.:
815 3594 908 3661 Itaque
924 3593 989 3647 libet
1006 3593 1155 3647 exclamare.

127 3695 129 3698 ’
235 3701 528 3781 latescentem.
541 3730 566 3782 p.
579 3712 977 3776 5,9;20,13;25,1aet22‚el.
1047 3715 1077 3767 11
1092 3703 1303 3782 ostendere]

193 3866 389 3919 coniunctinum
399 3866 481 3934 posui,
493 3865 539 3919 sed
551 3865 671 3942 otsupra
682 3869 723 3929 36,
737 3870 763 3922 l:
777 3868 842 3928 421
913 3869 944 3920 12
959 3823 1132 3925 sescuncia*
1219 3869 1251 3921 15
1266 3857 1299 3926 le

112 4003 114 4007 -
194 3966 352 4036 crtunlite
371 3967 671 4036 ood.,0r.p.aa.1ad.
733 3956 955 4027 denomines
1022 3971 1053 4023 ar
1074 3949 1297 4048 foumnlnolur

193 4069 220 4120 in
239 4070 413 4122 aecusatinum
432 4073 531 4122 mutare
