2820 4688
144 272 281 339 xxxlm

144 447 286 511 Difficilis
308 448 389 511 lectu
405 451 451 512 est
471 448 521 513 hio
536 448 637 527 codex,
660 466 731 511 oum
745 449 825 512 inter
843 450 1013 513 litterarum
1028 468 1046 515 a
1061 455 1093 516 et
1106 471 1136 531 u,
1158 455 1169 516 i
1184 455 1214 516 et
1228 455 1249 534 l,

144 542 165 612 l
182 554 250 613 ets
279 550 392 614 formas
413 550 538 613 vnullum
563 550 626 613 iere
653 549 816 613 discrimen
842 553 883 615 sit
909 554 940 623 et
965 570 1074 616 manus
1101 554 1250 635 quaedam

145 652 317 715 secundae
339 669 431 715 manu
457 651 556 735 prima
576 669 684 733 parum
707 652 827 716 diuersa
848 654 960 717 multos
982 655 1064 718 locos
1086 656 1165 718 male
1185 675 1250 720 cor-

144 755 267 828 rexerim
293 752 363 817 inde
384 771 403 816 a
424 771 490 817 can.
511 752 553 815 64
574 753 656 817 aliud
683 755 805 834 quidem
832 759 1037 819 atramentum
1064 759 1095 820 et
1120 760 1249 821 maiores

145 857 253 920 ductus
268 857 432 938 scripturae
448 858 603 937 apparent,
627 857 681 920 sed
694 859 798 920 tamen
819 858 909 939 primi
924 876 990 922 osse
1012 858 1129 922 librarii
1143 859 1250 922 uiden·

144 962 205 1022 tur.
236 957 407 1023 r(tenorum
436 961 536 1021 tentus
569 958 722 1022 interdum
754 958 952 1023 obtruncatur
984 963 1015 1023 et
1044 959 1247 1041 abbreuiatur‚

144 1061 230 1124 uelut
246 1061 278 1124 in
297 1078 362 1123 can.
381 1058 419 1122 13
427 1058 516 1133 -16;
540 1061 724 1141 singularem
739 1060 833 1124 hebet
845 1060 1008 1124 laetiorem
1023 1062 1060 1125 ad
1077 1061 1146 1142 134,
1164 1062 1191 1126 1.
1206 1060 1255 1108 -’

146 1162 289 1249 Continet
308 1161 372 1227 cod.
390 1161 416 1225 Τ
434 1179 539 1224 omnes
565 1161 728 1253 bibliorum
752 1162 859 1236 libros;
885 1182 999 1235 nouum
1024 1168 1094 1228 test
1120 1165 1249 1229 contulit

145 1260 463 1336 Wordsuorth18823
486 1281 616 1327 oenones
630 1263 814 1327 Priscilliani
833 1268 954 1328 exstant
974 1265 1044 1328 inde
1059 1283 1158 1348 apag.
1175 1265 1246 1330 321.

59 1383 81 1435 .'
116 1399 117 1402 π
152 1381 154 1384 ·
188 1365 269 1445 Quos
291 1362 380 1429 modo
406 1366 650 1429 enumerauimus
672 1364 800 1445 codices,
826 1368 921 1430 artius
945 1367 1024 1431 inter
1050 1385 1083 1430 se
1096 1372 1247 1450 cognatos

134 1485 212 1537 ,esse
233 1468 313 1531 infra
333 1485 511 1549 cognoscem
539 1467 592 1557 sed
613 1468 676 1530 iam
697 1468 734 1530 de
756 1485 791 1531 eo
813 1467 913 1531 codice
935 1471 982 1532 est
1003 1468 1173 1549 dicendum,
1195 1470 1248 1550 qui

84 1581 88 1586 ’
146 1570 270 1633 alterius
292 1570 398 1641 classis
420 1570 480 1633 dux
506 1571 537 1633 at
556 1570 696 1651 princeps
719 1573 774 1633 est.

75 1757 77 1762 ἲ
187 1670 315 1754 5)’()οι1.
331 1671 529 1735 Parisinus
556 1668 648 1750 9380,
677 1658 751 1736 olim
766 1671 965 1736 ‘Mesmianus
995 1672 1048 1755 (=
1071 1671 1130 1755 ll),
1162 1674 1247 1737 cuius

145 1773 216 1837 libri
248 1773 327 1855 apud
362 1773 475 1836 multos
512 1776 632 1836 nostrae
665 1773 771 1838 aetatis
804 1775 883 1837 uiros
916 1775 1020 1837 doctos
1052 1774 1088 1838 fit
1123 1775 1245 1854 mentio,

48 1915 51 1922 -
146 1878 224 1941 inter
253 1894 328 1958 qnos
357 1878 516 1961 praecipue
545 1876 731 1959 Leopoldum
759 1878 874 1942 Delisle
902 1879 1038 1958 nomino,
1071 1880 1124 1959 qni
1152 1879 1246 1942 totius

146 1978 215 2043 libri
237 1979 466 2061 descriptionem
492 1979 536 2042 ita
560 1979 686 2061 protulit
709 1979 742 2042 in
764 1978 984 2059 ‘Bibliothtque
1004 1980 1042 2043 de
1063 1979 1171 2044 l'dcole
1193 1978 1246 2043 des

45 2156 47 2160 .
108 2160 111 2166 ,
147 2081 275 2161 chamas,
294 2081 359 2160 XL,
381 2079 477 2144 annee
495 2077 594 2159 1879',
616 2100 645 2162 p.
661 2079 766 2161 tsqq„
788 2083 823 2144 ut
845 2080 936 2144 addat
957 2082 1049 2144 etiam
1071 2080 1247 2162 descriptio·

143 2190 218 2247 'nem
239 2182 349 2246 codicis
370 2180 580 2265 Aniciensis
605 2183 638 2245 in
663 2183 785 2246 ciuitate
805 2181 946 2246 Podiensi
971 2181 1027 2264 (Le
1048 2182 1128 2264 Puy)
1150 2200 1247 2246 asser-

40 2312 43 2317 ·
131 2286 219 2364 uati,
242 2285 386 2366 quicum
400 2282 580 2366 Mtgemella
601 2283 779 2366 cognatione
793 2283 968 2347 coniunctus
991 2287 1046 2347 est.
1076 2282 1247 2363 Utrumque

145 2385 259 2467 librum
280 2383 405 2448 iubente
426 2374 592 2455 Theodulio
614 2385 753 2466 episcopo
774 2383 989 2449 Aurelianensi
1011 2385 1158 2466 scriptum
1180 2403 1247 2464 osse

142 2487 188 2569 (a
204 2487 322 2550 circiter
336 2483 397 2548 817
413 2486 548 2568 deposito
564 2488 596 2550 et
609 2483 669 2547 821
686 2486 818 2568 mortuo)
840 2504 945 2549 uersus
965 2486 1074 2550 docent
1096 2503 1114 2548 a
1128 2486 1247 2549 ¹Delisle

147 2610 176 2672 p.
189 2584 271 2651 6-8
283 2591 315 2651 et
325 2585 367 2650 24
375 2606 418 2668 sq.
431 2588 660 2651 commemorati
674 2585 726 2668 (ci.
738 2587 925 2666 Duemmler,
936 2587 1048 2651 Poetae
1059 2587 1128 2651 aeui
1139 2586 1247 2666 derel,

142 2695 221 2755 tom.
236 2689 262 2770 1,
271 2731 272 2734 =
281 2709 311 2774 p.
326 2687 397 2755 440.
409 2687 473 2752 532
483 2707 563 2771 sqq.;
579 2691 611 2752 in
625 2689 706 2752 calce
720 2689 815 2753 habes
830 2690 982 2771 specimen
997 2688 1191 2770 scripturae);
1206 2723 1248 2734 -

147 2796 275 2872 utroque
299 2789 376 2855 libro
396 2809 470 2854 usus
495 2794 543 2854 ost
564 2785 721 2854 Weihrich
741 2791 773 2855 in
795 2789 909 2854 edendo
927 2790 1091 2873 Augustini
1115 2791 1247 2871 speculo,

104 2960 105 2963 ,
145 2897 221 2958 mm.
235 2883 300 2957 XII
318 2893 406 2957 huius
421 2909 501 2975 corp.
518 2892 621 2973 script.
641 2891 757 2971 eccles,
779 2911 808 2973 p.
824 2891 940 2955 XLVII
950 2966 951 2969 Ἴ
961 2893 993 2954 et
1006 2883 1068 2954 288
1083 2909 1147 2973 sqq.
1184 2891 1249 2955 Ad·

139 2995 246 3059 ·ornati
259 2997 332 3058 sunt
345 2987 587 3082 splendidissime
600 2992 759 3067 'l'heodulfi
773 2992 900 3072 codices,
920 2994 1067 3076 scriptura
1080 2993 1249 3079 minutissi-

148 3091 207 3160 mis
228 3099 374 3178 ooncepta
393 3098 441 3159 est
461 3094 684 3159 characteribus
706 3098 737 3158 et
755 3094 836 3157 binis
858 3095 950 3157 currit
971 3082 1128 3158 columnis.
1162 3094 1249 3159 (lodi-

113 3258 115 3262 .
148 3199 191 3262 cis
206 3197 241 3260 Μ
262 3215 392 3262 canones
413 3185 613 3261 Priscillianei
632 3199 669 3259 ut
683 3199 892 3259 excuterentur
913 3197 945 3259 in
964 3215 1068 3260 meum
1086 3214 1177 3259 usum
1195 3215 1249 3277 per
1267 3261 1268 3264 ,

148 3299 236 3363 Edm.
254 3298 392 3362 Haulcr
412 3317 518 3363 mense
539 3297 627 3361 Innio
651 3295 746 3378 1886,
772 3298 975 3362 intercedente
996 3287 1132 3362 Hartelio
1153 3298 1249 3379 impe-

148 3402 241 3475 trani;
267 3401 463 3464 Anieienssm
486 3403 589 3463 autem
613 3399 749 3463 codicem
771 3399 824 3481 qui
849 3399 999 3464 conferret
1022 3400 1177 3463 neminem
1202 3399 1250 3464 in·

142 3503 228 3567 ueni.
258 3502 303 3566 lix
324 3503 389 3566 cod.
404 3502 440 3565 Μ
456 3502 621 3584 specimina
636 3501 784 3582 quaedam
803 3503 971 3566 sectionum
986 3502 1024 3564 ad
1038 3504 1156 3564 textum
1169 3500 1250 3564 Pau-

148 3605 246 3670 linum
260 3605 480 3686 adscriptorum
494 3603 570 3668 mihi
584 3602 851 3684 suppeditauer'nnt
863 3603 892 3668 S.
903 3603 1019 3687 Berger
1032 3604 1064 3666 tt
1077 3589 1136 3666 Ios.
1150 3602 1251 3683 Zycha

147 3706 265 3770 aestate
284 3724 310 3769 a
329 3703 410 3768 1888
430 3705 504 3789 (uid.
520 3706 600 3769 infra
613 3725 642 3787 p.
653 3705 742 3769 XLII
752 3706 821 3788 sq).
838 3741 875 3751 —
892 3704 1034 3770 Continet
1047 3704 1082 3767 M
1095 3704 1176 3768 ioliis
1188 3701 1249 3766 348

149 3810 263 3898 (magn.
279 3806 425 3888 0820)(
436 3807 543 3890 0210)
563 3824 668 3871 omnes
687 3806 780 3872 libros
798 3806 940 3881 biblic0s3
961 3806 1143 3878 Priscilliani
1161 3823 1251 3869 cano-

149 3928 203 3974 nes
226 3913 348 3974 exstant
368 3910 420 3976 iol
440 3907 501 3972 28⁵1
514 3929 559 3993 sq.
725 3975 726 3978 ,
1245 3910 1246 3913 ’

87 4040 93 4055 ·
136 4046 138 4050 >
191 4010 224 4093 6)
246 4013 283 4076 In
305 4010 407 4077 codice
428 4011 604 4097 Uaticano
625 4009 708 4076 5729
730 4010 783 4093 (=
799 4009 841 4093 V)
863 4012 963 4075 inesse
985 4027 1115 4074 canones
1129 4008 1251 4073 Priscil-

65 4121 67 4127 '
148 4113 262 4185 bareos
284 4130 359 4188 ,cnm
385 4115 596 4198 cognouissem
622 4133 658 4178 ex
679 4112 840 4185 Zacharias
864 4111 940 4183 bibl.
961 4111 1139 4187 Pistoriensi
1158 4131 1189 4195 p.
1208 4110 1250 4175 66
