2820 4688
211 242 231 306 8
662 259 881 314 presentans

211 414 358 478 elefantus
388 419 543 496 serpentes
573 419 603 479 et
630 416 745 479 bestias
775 433 978 499 superuacues
1008 415 1194 480 confusibilis
1221 416 1326 480 obser-

210 517 331 580 uantiae
363 517 497 581 uanitate
527 517 665 598 captiuus
694 518 780 581 uelut
807 519 987 600 mysterium
1018 518 1137 582 diuinae
1170 518 1325 601 religionis

210 618 406 698 adstruxerit,
435 635 563 699 quorum
593 636 685 701 opera
714 622 744 682 et
772 619 940 683 formarum
970 619 1188 684 detestabilitas
1214 623 1328 684 natura·

211 721 452 799 daemoniorum,
479 738 540 783 non
566 721 737 784 diuinarum
764 722 877 785 ueritus
900 722 1065 804 gloriarum
1088 725 1142 784 est.
1187 721 1230 785 Hi
1251 726 1325 786 sunt

211 823 293 886 enim
321 839 470 903 quorum
499 823 585 885 deus
615 826 743 886 uenter
775 826 830 886 est
863 826 897 885 et
930 823 1046 905 gloria
1078 823 1112 885 in
1145 823 1353 905 pudendisa

172 933 345 997 ‘leonum3
372 923 405 987 hi
431 928 503 987 sunt
528 925 579 1004 qui
605 924 712 988 dubios
738 928 879 989 euertunt
899 921 909 1008 ΙΙ
930 928 960 987 et
985 924 1024 988 ad
1048 925 1224 1006 perditionis
1250 943 1325 990 suae

211 1025 324 1090 excidia
345 1026 497 1089 deducunt
519 1029 549 1089 et
571 1030 796 1090 sacramentum
817 1031 937 1106 uocant,
958 1028 1038 1108 qnod
1061 1026 1227 1090 secundum
1250 1030 1325 1092 scri-

210 1132 316 1209 pturas
338 1128 386 1191 dci
406 1128 582 1210 perditionis
608 1129 747 1192 nesciunt
773 1147 839 1191 esse
866 1130 1054 1210 mysterium,
1081 1132 1260 1193 obeuntes
1286 1131 1324 1193 in

210 1230 479 1312 praecipitium,
502 1230 580 1293 sicut
600 1230 718 1313 profeta
739 1231 795 1310 ait,
821 1230 910 1294 facti
933 1234 1017 1293 sunt
1042 1232 1145 1295 uelut
1171 1232 1324 1314 spiritus
1354 1265 1356 1269 >

210 1335 247 1396 iu
268 1332 390 1414 pinnis
411 1331 619 1395 uolatilium
641 1335 676 1394 ct
697 1332 776 1394 ideo
798 1332 1066 1396 confunde-ntur
1088 1352 1128 1397 er
1150 1334 1324 1397 sacrariis
1339 1353 1365 1392 ro

212 1435 287 1497 suis
309 1434 382 1498 facti
409 1434 503 1496 sicut
529 1451 640 1520 equus
667 1437 701 1496 et
726 1434 845 1498 mulus
871 1434 1002 1514 quibus
1031 1451 1100 1497 nou
1132 1439 1187 1498 est
1211 1436 1325 1499 intel·

210 1537 327 1600 lectus
356 1538 386 1598 et
412 1535 495 1618 digni
521 1538 593 1598 sunt
618 1552 747 1615 quorum
768 1535 843 1598 deus
864 1534 916 1600 Sol
942 1537 990 1599 sit.
1034 1535 1098 1599 Nos
1121 1541 1223 1610 autern
1246 1537 1325 1602 diui-

211 1655 320 1701 narum
344 1638 560 1720 scripturarum
583 1637 680 1701 edocti
697 1636 800 1700 uerbis
822 1638 880 1701 etsi
899 1638 1011 1701 scimus
1030 1639 1112 1719 quia
1134 1639 1224 1703 nihil
1245 1639 1325 1703 ido-

210 1735 284 1803 lum
306 1742 361 1802 est
381 1739 418 1802 in
438 1739 504 1802 hoc
529 1739 673 1818 mundo,
698 1739 760 1802 sed
781 1757 870 1819 qnae
890 1740 1104 1803 sacrificant
1123 1740 1324 1805 daemoniis

212 1841 423 1908 sacrificant
445 1844 480 1904 et
504 1858 574 1903 non
600 1840 677 1920 deo,
700 1841 891 1905 elaboramus
913 1845 1027 1921 tamen,
1049 1846 1083 1905 ut
1106 1843 1184 1905 siout
1201 1841 1206 1926 Ι
1226 1843 1324 1907 scrib·
1338 1861 1364 1901 ro
1400 1843 1401 1846 ’

209 1947 277 2008 turn
306 1945 354 2007 est
380 1943 591 2025 intellegentes
617 1943 799 2006 uersutias
826 1961 1030 2006 sermonum
1056 1947 1091 2007 et
1119 1945 1324 2026 interprae-

210 2046 368 2110 tationes
396 2045 651 2127 parabolarum
681 2048 715 2108 et
748 2048 920 2127 operantes,
950 2045 1030 2126 quod
1057 2045 1089 2108 in
1119 2045 1173 2109 deo
1203 2064 1323 2126 sumus,

210 2148 286 2212 nihil
307 2148 339 2210 in
361 2147 448 2210 nobis
473 2146 673 2210 bestiarum
701 2147 822 2229 ligura
850 2146 975 2226 habeat,
1006 2147 1058 2210 sed
1083 2150 1181 2211 totum
1209 2146 1323 2212 Christi

211 2250 259 2313 dei
290 2251 394 2313 teneat
425 2248 594 2329 disciphna,
624 2249 695 2328 quia
708 2248 808 2311 nulla
836 2249 1067 2311 communicatio
1098 2253 1143 2312 est
1176 2267 1323 2314 mensae

211 2351 345 2415 domini
376 2355 411 2415 et
442 2368 587 2423 mensae
620 2350 905 2429 daemoniorum,
938 2351 1019 2413 luci
1051 2354 1090 2413 et
1121 2350 1378 2433 tenebricae,-

210 2453 354 2518 Ohristo
377 2456 412 2516 et
432 2452 565 2516 Beliae.
609 2451 693 2516 Sicut
714 2455 745 2515 et
768 2451 913 2515 Iohannis
936 2451 972 2514 de
993 2452 1168 2515 huiusmodi
1193 2454 1324 2533 loquens

210 2557 265 2620 ait:
288 2555 319 2618 si
344 2555 423 2637 quis
449 2555 575 2618 adorat
599 2553 755 2626 bestiam
781 2555 816 2616 et
840 2554 1033 2636 imaginem
1061 2554 1152 2632 eius,
1179 2553 1236 2617 hic
1263 2571 1325 2630 ae-

208 2658 305 2739 cepit
325 2660 446 2722 notam
467 2657 504 2720 in
525 2656 644 2720 fronte
667 2673 730 2719 sua
752 2660 788 2719 et
808 2656 843 2718 in
865 2672 971 2718 manu
993 2672 1069 2735 sna,
1093 2658 1124 2718 et
1146 2655 1214 2738 ipse
1233 2657 1323 2721 alibi:

209 2760 283 2824 uidi
309 2759 350 2822 de
378 2760 468 2822 mari
495 2759 650 2822 bestiam
679 2756 935 2821 ascendentem
964 2757 1158 2821 habentem
1187 2774 1325 2823 cornua

170 2869 187 2924 8
210 2862 332 2926 docem
352 2857 362 2946 ll
383 2864 418 2925 ot
443 2861 563 2943 capita
589 2863 728 2941 septem
754 2863 788 2923 et
817 2860 852 2922 in
882 2859 1063 2940 capitibus
1093 2860 1169 2922 eius
1199 2859 1364 2924 decerna

211 2963 415 3026 diademata
436 2966 471 3026 et
491 2978 620 3026 nomen
638 2961 887 3043 blasphemiae
907 2963 942 3024 et
961 2964 1038 3024 erat
1056 2959 1188 3024 similis
1209 2961 1323 3042 pardo

311 3152 327 3204 5
344 3147 457 3217 Philipp.
476 3151 499 3211 3,
519 3150 563 3210 19;
579 3145 612 3202 cl.
625 3146 705 3200 Prisc.
719 3162 774 3200 can.
786 3145 815 3200 L.
884 3148 902 3201 8
918 3145 980 3199 Hos¹
992 3149 1017 3209 4,
1031 3148 1070 3200 13.
1084 3147 1123 3207 19.
1193 3149 1224 3202 11
1242 3146 1324 3219 sicut]

209 3233 273 3288 hob.
296 3235 320 3297 6,
343 3236 382 3289 17.
470 3235 502 3288 13
522 3232 544 3285 Ι.
562 3231 620 3286 Cor.
642 3234 683 3295 10,
704 3233 742 3287 19.
765 3233 805 3286 20.
897 3232 930 3286 16
956 3230 1014 3298 sap.
1034 3233 1064 3293 8,
1084 3233 1113 3293 8;
1134 3230 1213 3285 Sirac.
1234 3232 1274 3294 39,
1296 3235 1323 3288 2.

211 3321 243 3374 18
260 3316 293 3372 cf.
304 3318 384 3386 Apoc.
397 3321 437 3380 16,
449 3320 478 3380 ae
496 3318 535 3380 19,
548 3318 588 3372 20.
642 3318 674 3371 19
691 3315 712 3369 1.
725 3315 783 3370 (lor.
797 3318 836 3379 19,
849 3317 889 3371 21.
941 3318 975 3370 20
992 3313 1055 3383 luci]
1068 3314 1104 3368 Π.
1118 3313 1174 3370 (lor.
1188 3318 1212 3379 d,
1226 3317 1264 3371 14.
1279 3318 1322 3372 15.

210 3402 339 3472 calpae.
358 3394 439 3466 11,9.Ι
508 3401 782 3469 coapostata.

311 3559 342 3611 12
360 3554 399 3622 (ll.
418 3555 553 3622 Hibe-iace,
572 3555 603 3609 dc
619 3556 682 3609 trin.
701 3555 790 3623 I,17.·
811 3552 855 3607 scd
878 3569 924 3607 nos
948 3552 1032 3607 edocti
1054 3551 1181 3606 diuinitus
1203 3569 1225 3606 e.
1244 3569 1267 3620 q.
1285 3571 1325 3620 s.;

209 3641 242 3695 cf.
260 3639 329 3694 infra
345 3640 399 3705 22⁸,
417 3643 462 3696 23·
479 3642 506 3693 ct
523 3642 575 3695 82⁵.

250 3786 440 3905 465611ψὶ
459 3828 613 3896 euprepii
635 3825 730 3880 adliu.
748 3827 781 3882 25
873 3815 1043 3902 13εδοεῐῐ,
1063 3835 1083 3883 o
1104 3833 1176 3883 oxu
1199 3839 1263 3879 corr.

210 3907 339 3990 'bolom
425 3929 863 4016 1c,e,u,einresuraexscat,erat
874 3939 914 3988 cc
994 3929 1026 3982 17
1038 3919 1323 4008 pandectarum,

209 4094 276 4142 oex
295 4094 317 4143 υ
336 4099 400 4136 corr.
474 4085 507 4138 18
527 4040 778 4160 ΝοξιερΙἰῖῐεη
797 4065 839 4166 (in
854 4063 944 4164 Nos)
961 4079 1038 4133 ‘lineis
1055 4078 1169 4161 obducta
