2820 4688
127 224 188 290 102
272 201 274 205 7
461 241 665 296 Prisoillisni
688 243 847 297 tractatus
868 240 900 296 Χ

125 397 276 462 redditum
290 414 419 480 oorpus
433 415 501 462 non
521 396 756 462 fornicationi
777 397 839 461 sod
860 397 1016 477 domino,
1037 416 1091 481 por
1104 398 1231 464 immor·

125 499 198 563 talia
215 503 444 582 praecoptomm
465 498 560 563 narba
581 499 721 578 diuisum,
743 499 869 582 dignum
891 498 1093 564 tabernaculis
1115 499 1230 566 Christi

126 605 157 666 ot
170 601 272 685 gloriis
286 602 406 666 brtnraa
419 601 646 668 rasnrrootionis
660 599 817 666 habeatur.
854 599 960 682 Sioqno
975 601 1092 666 dauioto
1114 602 1229 669 mundo

124 703 210 767 uolut
237 703 397 786 subiugata
425 701 565 786 Aegypto
592 704 624 766 in
654 702 758 766 Eiram
791 707 822 766 ot
850 703 992 767 Manasso
1020 704 1228 769 laborantibus

125 805 212 869 datur
237 805 353 869 bnotus
375 823 431 869 naa
453 804 529 868 alins
550 805 609 868 nisi
638 823 677 868 or
703 803 792 868 Iuda
820 804 886 868 dur
915 805 1079 886 quaeritur,
1107 807 1255 887 quandos

126 905 237 971 consti
257 907 398 989 passione
413 906 537 970 saltatis
559 906 634 970 nihil
656 905 737 969 aliud
758 905 957 985 induratum,
979 906 1038 971 nisi
1058 908 1139 989 qnod
1153 909 1227 972 deus

46 1009 158 1073 141in
186 1026 309 1073 canuam
336 1009 442 1072 nanno
470 1008 574 1087 uoluit,
603 1005 764 1092 inbannitur
792 1026 849 1072 noo
876 1008 935 1072 alia
962 1011 1227 1092 personaruntibus

125 1129 195 1193 spos
217 1114 274 1191 ost,
303 1110 361 1174 nisi
381 1113 417 1173 nt
437 1110 727 1174 oironmnarsura
748 1109 853 1174 mnudi
877 1109 955 1174 idost
976 1110 1118 1194 perfidiae
1145 1115 1228 1176 tarra

123 1213 272 1291 ninoatur,
293 1215 329 1276 nt
342 1212 580 1276 oaloiamonto
595 1211 725 1295 padum
747 1212 860 1280 domini
874 1211 930 1276 boo
948 1215 996 1277 ost
1010 1215 1226 1297 euuangelio

124 1314 223 1397 paois
245 1318 365 1378 ostenso
388 1313 551 1378 distruatur
565 1313 683 1396 Dagon,
706 1331 782 1396 opus
797 1315 918 1393 saoouli,
934 1317 966 1379 ot
979 1314 1118 1380 absoluta
1131 1310 1227 1380 tasta-
1240 1343 1265 1383 ro

124 1416 311 1496 montanea,
333 1415 414 1496 qnod
434 1433 489 1480 nos
511 1433 627 1495 sumus,
648 1415 839 1480 Allofilornm
861 1415 961 1480 aliena
974 1417 1167 1481 suadentium
1182 1419 1227 1483 lo-

16 1502 19 1510 ’
124 1518 226 1598 quella
238 1521 406 1600 superatur,
427 1514 497 1600 (ut),
518 1518 571 1599 qui
585 1534 622 1581 oa
639 1535 717 1599 quaa
738 1517 770 1581 in
790 1517 963 1600 regionibus
977 1519 1084 1601 posita,
1106 1519 1139 1583 in
1152 1520 1226 1584 loois

125 1619 213 1698 diota,
234 1619 267 1683 in
280 1619 402 1702 regibus
421 1622 494 1683 sunt
505 1619 677 1702 praedicata
691 1621 875 1703 oognoumit,
896 1619 1038 1684 uitiorum
1059 1622 1091 1684 in
1109 1639 1141 1685 so
1158 1621 1227 1686 looa

123 1739 218 1804 regna
237 1721 374 1804 regiones
396 1720 584 1804 disoiplinato
605 1738 694 1803 opero
712 1720 892 1802 deninoons,
911 1723 969 1788 etsi
985 1723 1168 1803 protetatum
1188 1725 1225 1788 da

124 1823 179 1887 deo
200 1823 367 1906 intellegat,
390 1822 447 1888 sibi
464 1826 569 1888 tamon
582 1823 668 1888 uolut
680 1823 832 1905 quoddam
845 1824 926 1889 uitas
940 1825 1154 1906 exemplarium
1170 1844 1224 1908 po-
1238 1848 1263 1891 n

124 1927 216 1989 sitnm
229 1929 432 2008 recognoscat,
453 1926 597 2006 quoniam
611 1923 648 1988 ab
670 1925 755 1989 initio
776 1943 871 2007 nsque
893 1925 932 1989 ad
952 1925 1044 1990 finam
1064 1927 1224 1992 uenientes

122 2026 155 2091 in
175 2027 256 2091 buno
276 2026 424 2091 mnndum
440 2026 524 2098 siout
543 2026 635 2093 unitis
656 2026 789 2090 malitias
815 2027 872 2090 uiis
896 2027 1040 2107 fallimur,
1069 2028 1112 2091 ita
1138 2029 1224 2093 unita

123 2128 182 2193 fido
204 2131 235 2193 at
255 2128 437 2193 oorrootione
459 2129 622 2193 saluamur.
1307 2116 1308 2121 ’

223 2333 237 2386 l
255 2329 277 2384 1.
289 2327 347 2384 cor.
359 2331 383 2394 d,
396 2332 436 2386 lt.
504 2333 520 2386 5
537 2329 570 2410 of.
583 2329 647 2386 Gen.
658 2333 699 2393 49,
713 2333 757 2392 10;
777 2329 871 2384 maron.
883 2331 908 2393 2,
920 2332 937 2386 6
954 2330 991 2399 (at
1006 2347 1086 2400 supra
1103 2333 1159 2397 101,
1172 2334 1221 2401 ld).

124 2418 141 2473 8
156 2415 296 2478 saluta,
310 2417 340 2470 11
359 2414 477 2485 (περιοχή,
493 2414 573 2469 Itala:
591 2415 802 2483 circumstantia).
854 2417 870 2470 9
887 2414 1087 2485 of.E1rh.6,15.

166 2639 180 2693 1
200 2617 492 2716 formosarroar'rsss
510 2643 531 2695 s
547 2634 592 2690 lin.
612 2635 660 2690 dot
741 2581 918 2715 squarssq'bo
1003 2639 1019 2692 o
1043 2629 1224 2727 uotorum]

125 2741 156 2796 12
179 2748 219 2798 or
242 2737 315 2792 door
411 2740 441 2792 17
466 2746 600 2797 orsitus
694 2740 725 2794 la
746 2716 1148 2799 sdtoamoabaactatos
1173 2731 1220 2800 ab

92 2902 93 2906 ,
123 2822 556 2925 poputom'eprcorocoprr
574 2830 776 2902 oemeboctro
794 2823 1049 2923 superaddes-¹
