2820 4688
235 267 274 330 18
687 279 894 335 Priscillianus

232 438 486 503 caerimoniarum
507 436 749 501 sanctificatione
771 438 957 500 uenerantur
979 439 1033 500 ant
1047 435 1154 499 dieunt
1175 452 1243 498 esse
1257 453 1351 498 uene·

231 541 357 612 randes3
380 558 457 621 quos
473 557 589 616 omnes
613 539 693 601 siout
708 538 740 601 in
756 529 917 619 seripturis
939 537 988 601 dei
1009 537 1152 620 legimus,
1174 539 1352 617 contempta

232 642 448 705 daemoniacae
470 640 641 723 sapientiae
663 639 894 702 adseueratione
916 639 1116 712 damnamus;
1143 638 1176 703 in
1197 636 1353 720 quashioet

233 743 315 808 enim
345 761 377 804 se
406 743 524 824 speeies
553 742 668 805 formas
697 740 958 822 nnn{oupationes
980 739 1105 804 zabolus
1127 741 1270 818 inmutet,
1292 739 1353 808 soi·

234 864 303 910 mus
318 845 391 926 quia
410 845 489 908 nihil
510 844 588 908 aliut
606 846 791 925 potestesse
806 860 899 923 qnam
922 842 1057 922 zabolus,
1080 846 1111 907 et
1133 842 1212 906 siue
1233 840 1378 910 Abad·s

138 962 148 979 ·
234 948 303 1010 don
324 946 496 1010 hebreice
516 946 596 1009 siue
614 944 794 1028 Apolloon
815 962 921 1028 greoe
943 945 1022 1009 siue
1041 945 1159 1008 latine
1173 943 1353 1008 Extermi-

235 1066 326 1112 nans
353 1050 599 1129 nuncupetur,
630 1046 696 1110 siue
721 1046 823 1111 bestia
847 1045 966 1110 habens
997 1050 1140 1128 septem
1165 1045 1289 1130 capita
1317 1049 1353 1109 et

236 1151 359 1213 deoom
385 1167 522 1214 cornua
543 1150 609 1212 siue
631 1166 757 1231 serpens
779 1151 911 1230 ponatur
933 1151 987 1212 aut
1008 1147 1113 1227 draeo,
1140 1148 1255 1211 seimus
1281 1146 1354 1230 qnia

236 1250 360 1315 zabolus
382 1255 430 1314 est
451 1253 483 1313 et
502 1250 699 1314 seeundum
721 1250 925 1332 prinoipem
948 1249 1044 1313 aeris
1065 1248 1177 1313 huius
1197 1245 1354 1331 spiritus

236 1352 297 1434 qui
327 1360 497 1434 operatur
522 1352 558 1415 in
587 1351 685 1417 filiis
715 1351 966 1430 diffidentiae,
993 1351 1030 1415 in
1059 1349 1193 1436 quibus
1224 1355 1260 1415 et
1288 1362 1400 1421 nosro

220 1462 359 1517 'omnes
374 1454 586 1517 conuersati
602 1471 726 1517 sumus
742 1453 940 1534 aliquando
961 1452 999 1516 in
1013 1453 1209 1526 desideriis
1230 1452 1354 1517 earnis
1375 1505 1376 1508 ,

238 1559 387 1620 nostrae
416 1559 451 1618 ot
481 1555 662 1619 fatientes
691 1555 910 1620 uoluntates
939 1554 1063 1619 earnis
1092 1559 1129 1619 et
1158 1544 1355 1638 cogitatio·

237 1674 336 1730 uum3
356 1657 394 1719 de
409 1674 469 1738 quo
485 1656 634 1720 scribtum
654 1659 702 1720 est
723 1656 756 1722 in
776 1656 963 1741 apocalypsi:
985 1661 1022 1721 et
1039 1657 1227 1741 proiectus
1242 1661 1298 1721 est
1312 1657 1355 1721 de

176 1769 213 1823 21
237 1759 338 1823 eaelo
358 1749 466 1823 draeo
484 1775 647 1842 magnus,
668 1776 819 1844 serpens
839 1756 1027 1843 anljtiquus
1047 1759 1108 1841 qui
1127 1762 1281 1823 uooatur
1300 1776 1355 1824 aa·

236 1859 342 1923 bolus
362 1863 522 1939 satanas,
545 1860 605 1942 qui
626 1861 772 1925 seduxit
793 1859 916 1926 orbem
936 1859 1152 1927 uniuersum
1181 1864 1216 1941 et
1237 1861 1340 1944 proie
1361 1889 1400 1934 rt

237 1966 318 2025 otus
341 1965 399 2025 est
416 1962 453 2026 in
475 1966 610 2027 terram
630 1967 665 2027 et
680 1963 804 2047 angeli
826 1963 904 2027 eius
923 1981 1004 2026 oum
1026 1981 1067 2026 eo
1084 1963 1240 2045 proiecti
1259 1966 1353 2027 sunt.

237 2062 278 2127 lot
296 2063 363 2127 ideo
379 2065 435 2146 qui
453 2062 568 2157 talibus
583 2066 711 2129 eredunt
732 2065 783 2130 uel
804 2064 935 2147 quitali
961 2083 994 2128 se
1017 2068 1139 2135 auctore
1161 2064 1355 2129 sanotidoant

238 2168 350 2229 natura
362 2165 407 2229 dli
420 2165 484 2230 irae
499 2168 531 2230 et
544 2167 723 2249 perditionis
738 2166 934 2232 ambulantos
948 2167 980 2232 in
999 2165 1145 2246 tenebris,
1164 2160 1226 2232 non
1240 2167 1355 2231 ninum

239 2270 296 2346 ost,
318 2267 345 2336 si
365 2268 398 2331 in
416 2286 450 2331 se
472 2268 639 2351 imaginem
654 2268 703 2333 dei
724 2272 756 2333 et
770 2269 1005 2333 similitudinem
1026 2269 1213 2352 denegantes
1235 2272 1267 2333 et
1280 2269 1355 2333 faeti

238 2368 344 2433 zabolo
359 2368 476 2433 similes
491 2369 523 2434 in
538 2370 624 2434 uitiis
638 2371 791 2436 faoturam
804 2370 939 2435 hominis
950 2370 1151 2435 daemonibus
1167 2371 1355 2452 adscribunt,
1367 2404 1400 2444 ,ι

238 2471 277 2534 do
298 2468 411 2551 quibus
432 2469 512 2534 bene
533 2464 689 2554 apostolus
711 2473 769 2538 eit:
794 2473 977 2553 animalis,
999 2473 1136 2554 inquid,
1158 2473 1262 2538 homo
1285 2485 1355 2538 non

239 2572 401 2656 pereipit
414 2587 558 2654 eaquae
573 2577 658 2639 sunt
673 2575 827 2659 spiritus
842 2575 913 2649 dei;
927 2574 1103 2639 neo'enim
1117 2576 1356 2660 potest;·stnl·

239 2674 348 2737 titiae
364 2674 459 2739 onim
480 2675 612 2740 intest
631 2680 667 2741 et
681 2694 752 2742 non
770 2676 1131 2761 potestdiiudioaro;
1147 2674 1151 2763 Ι
1169 2678 1355 2760 spiritalis

239 2779 362 2840 autem
373 2776 574 2842 disiudioat
585 2778 721 2859 omnia,
736 2778 815 2862 ipse
830 2782 950 2843 autem
966 2780 1145 2843 anemine
1160 2780 1357 2846 disiudioa-
1398 2801 1400 2805 ⁴

239 2880 309 2956 tur,
332 2880 363 2941 et
378 2878 459 2943 siout
473 2878 622 2944 scribtum
634 2884 695 2944 est:
718 2881 779 2964 qui
792 2880 915 2945 earnis
930 2884 1017 2945 sunt
1031 2898 1121 2962 quae
1136 2882 1256 2945 earnis
1271 2885 1358 2947 sunt
1369 2910 1400 2955 22

240 2980 400 3061 sapiunt,
415 2981 478 3061 qui
492 2999 576 3045 uero
591 2983 747 3064 spiritns
762 3001 853 3066 qnae
868 2985 955 3047 sunt
972 2982 1139 3065 spiritus,
1155 2987 1190 3048 et
1204 2985 1357 3065 pruden-

240 3080 293 3144 tia
307 3081 429 3146 earnis
444 3087 617 3163 moreest,
628 3085 825 3167 prudentia
840 3088 960 3149 autem
973 3085 1217 3167 spiritusuita
1231 3088 1381 3177 etpanux

282 3182 330 3246 Ao
338 3183 368 3246 si
379 3183 488 3248 uolunt
499 3184 585 3264 seire,
597 3186 671 3267 quid
682 3187 720 3250 de
731 3186 860 3270 singulis
872 3204 950 3269 quae
962 3185 1077 3250 soribta
1089 3191 1162 3251 sunt
1177 3188 1357 3268 sentiamus,
1382 3180 1385 3185 ’

240 3288 323 3348 rooto
345 3283 459 3348 talibm
480 3303 552 3350 oum
569 3286 671 3352 Adam
695 3290 814 3353 terreno
837 3292 869 3352 et
884 3280 953 3352 'iera
976 3288 1056 3352 faoto
1069 3288 1253 3352 tenebrosae
1275 3290 1358 3354 uitae

243 3386 329 3450 unita
350 3387 491 3477 cognatio
509 3391 567 3468 est,
587 3389 667 3453 siout
681 3389 831 3455 seribtum
846 3392 907 3454 est:
927 3390 1048 3473 qualis
1064 3392 1243 3469 terrenus,
1262 3392 1394 3464 talos„

243 3493 280 3553 et
292 3488 444 3569 terreni,
462 3490 585 3571 qualis
600 3491 785 3562 caelestis.
800 3491 895 3555 tales
910 3494 946 3568 et
960 3491 1149 3555 caelestes.
1177 3491 1270 3575 Digni
1285 3497 1359 3556 sunt

343 3659 459 3731 5Apoe.
485 3661 511 3723 9,
535 3661 574 3716 11.
659 3659 778 3729 ddpou.
798 3661 837 3721 la,
856 3661 880 3715 1.
965 3658 1069 3728 suph.
1087 3662 1112 3722 2,
1129 3663 1154 3715 2.
1172 3663 1201 3724 33
1225 3660 1259 3716 oi.
1277 3662 1358 3716 Prisc.

244 3759 300 3798 oau.
318 3743 480 3799 LXXXVIII
497 3748 523 3802 et
539 3743 682 3798 LXXXIX.
752 3747 785 3803 lo
802 3744 881 3812 Apoe.
903 3747 942 3808 12,
960 3749 985 3800 2.
1052 3747 1085 3800 21
1104 3743 1126 3799 1.
1139 3744 1199 3800 Cor.
1217 3749 1241 3810 2,
1262 3750 1302 3802 14.
1321 3751 1358 3804 15.

127 3904 130 3910 Δ
244 3831 278 3885 as
295 3829 413 3892 nome
430 3834 455 3883 5.
473 3831 497 3884 o,
582 3831 616 3885 eo
633 3828 654 3884 1.
673 3827 731 3885 eor.
744 3832 790 3906 no,
809 3831 851 3884 aa,

157 4010 159 4015 ’
290 4003 320 4055 15
341 3956 532 4080 quietistis,
552 4009 571 4080 c
588 3999 634 4082 lin
654 3997 703 4054 dei.
754 3982 828 4082 {29
857 3999 964 4067 Recte}
989 3997 1155 4055 seribendurn
1177 4017 1232 4054 osse
1259 4011 1359 4064 εεκῐε

245 4100 356 4175 corripias
426 4103 460 4156 to
478 4094 566 4160 talos
635 4085 807 4161 o1uaos'
844 4083 1019 4160 caelestis¹
