2820 4688
546 288 710 334 tractatus
727 279 749 334 1.
1156 265 1194 328 31

95 433 123 494 ot
141 431 296 496 Iohannes
312 432 369 497 ait:
391 433 508 496 omnis
531 434 684 515 spiritus
706 434 767 514 qui
790 435 990 504 confitetur
1012 434 1197 498 Christum

94 530 208 597 lesum
233 533 270 597 in
296 550 441 597 earnem
466 534 626 613 uenisse,
653 535 694 601 de
720 533 786 598 deo
816 539 871 599 ost
896 540 927 599 et
952 536 1067 600 omnis
1093 537 1198 616 spiri-

94 636 148 696 tus
177 635 240 716 qui
266 635 382 699 soluit
401 633 532 713 Iesum,
559 635 600 698 de
622 634 686 699 deo
708 654 777 702 non
799 641 855 700 est
876 641 912 701 et
933 636 992 701 hia
1018 640 1074 701 est
1099 642 1197 700 ante-

94 734 266 809 ohristus3
288 736 369 800 siout
384 739 416 801 et
430 736 496 818 ipse
510 736 598 805 alibi:
613 738 674 818 qui
688 756 757 802 non
772 739 998 802 confitentur
1013 737 1197 802 Christ-um

74 835 210 901 rlosum
236 837 407 902 incarne
433 839 594 918 uenisse,
621 839 658 902 hi
685 843 770 903 sunt
796 840 1007 903 seductores
1037 843 1072 903 et
1100 847 1198 902 aute·

94 937 231 1004 christi
257 937 345 1004 Siout
366 944 397 1004 et
419 939 516 1004 Hiesn
537 939 623 1003 Naue
645 940 765 1023 profeta
785 941 901 1006 domini
923 945 954 1005 et
972 941 1032 1004 dur
1053 940 1085 1005 in
1104 940 1198 1011 Istra-

94 1039 140 1104 hel
158 1045 325 1123 apparente
344 1039 405 1105 sibi
427 1042 536 1125 angelo
554 1060 615 1106 uon
635 1042 717 1106 solae
737 1043 942 1126 apparentiae,
964 1043 1017 1106 sed
1036 1042 1198 1107 uerborum

93 1141 331 1208 confessionibus
353 1143 479 1207 eredens
501 1143 684 1208 exclamauit
699 1144 737 1207 ad
752 1144 910 1226 angelum:
932 1147 1056 1208 nostor
1078 1160 1115 1207 os
1137 1147 1199 1207 ant

93 1243 404 1310 aduersariorum?
426 1248 458 1308 ot
471 1244 532 1322 ille,
553 1248 588 1308 ut
606 1243 612 1326 Ι
629 1244 705 1309 fides
721 1246 913 1310 sermonibus
928 1246 1010 1309 illius
1026 1245 1198 1324 haberetur,

65 1345 290 1428 roprinoipem
304 1364 342 1409 se
357 1345 513 1410 militiae
529 1347 665 1410 domini
680 1366 747 1410 esso
758 1348 915 1411 confessus
927 1354 974 1411 est
985 1351 1016 1411 et
1027 1347 1071 1410 sio
1082 1347 1197 1410 faetam

93 1450 144 1525 ost,
163 1450 200 1511 ut
211 1446 301 1512 Iesus
320 1448 373 1531 qui
395 1447 473 1512 nibil
495 1449 576 1512 aliud
600 1453 684 1513 extra
698 1449 790 1512 deum
805 1451 940 1513 erederet
964 1453 1037 1513 tuno
1052 1449 1199 1513 sermoni·

92 1546 144 1612 bus
159 1548 263 1634 augeli
280 1535 435 1632 loquentis
454 1550 493 1613 ad
508 1568 541 1613 se
559 1549 652 1614 fidem
667 1550 763 1631 daret,
782 1570 853 1615 cnm
868 1570 935 1614 esse
951 1570 983 1614 se
998 1551 1049 1615 ille
1066 1551 1104 1614 do
1119 1551 1198 1614 mili·

92 1651 131 1714 tia
144 1649 262 1716 domini
275 1669 337 1716 non
351 1656 503 1734 negasset.
526 1651 612 1716 Siout
626 1658 657 1715 et
671 1652 802 1725 Iohanni
816 1653 952 1735 apostolo
967 1651 999 1717 in
1014 1652 1198 1736 apocalypsi,

92 1770 156 1817 aum
181 1752 360 1835 loquentem
387 1754 425 1818 ad
451 1773 485 1819 se
510 1755 654 1837 angelum
681 1754 805 1818 adorare
832 1754 939 1833 uellet,
966 1757 1123 1819 ostensum
1152 1758 1200 1818 est

64 1869 82 1909 1⁵
92 1854 179 1919 deum
209 1872 271 1920 non
296 1855 422 1939 angelos
448 1856 635 1920 adorandum
664 1856 783 1920 dissuta
813 1856 920 1939 angelo
947 1855 1124 1938 adipsum:
1155 1874 1198 1918 ne

92 1956 231 2037 fateris,
252 1955 442 2031 Iohannis;
464 1975 664 2024 conseruns
679 1958 774 2020 enim
796 1962 880 2022 tuns
896 1975 972 2020 sum
995 1960 1030 2019 ot
1044 1956 1198 2020 fratrum

91 2060 231 2123 tuorum
263 2059 325 2141 qui
357 2058 496 2125 habent
524 2060 790 2133 testimoninm3
823 2058 944 2122 Iesum
977 2058 1080 2123 deum
1113 2076 1197 2122 uero

91 2159 493 2226 adorat·testimonium
518 2165 638 2225 autem
664 2159 749 2224 Iesu
775 2161 929 2244 spiritus
956 2164 1012 2223 ost
1032 2157 1041 2244 ΙΙ
1063 2164 1098 2223 et
1119 2177 1197 2241 pro·
1220 2168 1258 2220 38

90 2260 214 2336 fetiae;
237 2262 318 2326 siout
336 2266 367 2326 ot
381 2262 486 2344 Esaias
508 2263 565 2326 ait:
588 2279 686 2343 nequo
708 2263 834 2326 nuntius
857 2280 955 2343 neque
977 2262 1114 2344 angelus,
1137 2261 1198 2324 sed

61 2362 164 2445 oipso
185 2364 353 2428 dominus
375 2365 499 2432 ueniet
524 2368 559 2430 et
581 2365 703 2430 saluos
725 2383 789 2429 uos
811 2364 932 2428 faoiet.

128 2464 161 2531 Si
174 2466 229 2549 qui
242 2470 347 2530 autem
361 2465 460 2530 inflati
475 2466 640 2530 suntnihil
655 2467 786 2529 scientes
802 2469 833 2531 et
848 2469 933 2529 extra
946 2470 1089 2547 quattuor
1104 2484 1197 2530 onan-

91 2567 167 2649 gelia
188 2568 332 2650 quintum
354 2567 477 2648 aliquod
499 2567 694 2650 euangelium
715 2568 765 2630 nel
787 2567 909 2650 fingunt
930 2569 980 2631 uel
1003 2567 1196 2646 confitentur,

91 2687 140 2733 our
154 2670 214 2733 hoa
228 2669 268 2734 ad
282 2672 429 2750 nost-ram,
445 2669 496 2750 qni
513 2669 622 2733 talium
636 2669 809 2752 respuimus
824 2669 1030 2747 infelicitates,
1045 2669 1196 2751 profertur

91 2770 257 2836 inuidiam?
285 2771 328 2836 Hi
350 2775 423 2835 sunt
444 2771 527 2835 enim
548 2771 585 2834 in
607 2770 738 2852 quibus
760 2771 847 2834 daus
867 2771 1005 2835 saeouli
1019 2770 1126 2835 huius
1142 2789 1197 2834 er-

61 2873 252 2937 acaeoauit
274 2891 403 2937 sensus
424 2873 645 2952 infidelium,
667 2878 790 2937 utnon
812 2872 1046 2954 resplendeat
1068 2873 1195 2937 inillis

91 2973 324 3040 inluminatio
350 2975 561 3057 euuangelii
586 2975 725 3058 gloriae
747 2975 887 3040 Christi
914 2975 974 3056 qui
996 2977 1052 3038 ost
1077 2975 1196 3057 imago

92 3075 154 3155 dei,
181 3081 214 3156 st
234 3077 361 3141 ueniat
383 3093 490 3160 super
512 3095 590 3141 eum
612 3077 729 3154 ompis
750 3077 805 3140 ira
826 3076 967 3156 domini,
990 3077 1042 3157 qui
1063 3076 1121 3139 hoo
1143 3080 1196 3140 aut

93 3177 194 3242 soribit
216 3179 248 3243 in
269 3178 368 3243 titulis
391 3182 445 3242 aut
466 3178 628 3243 confitetur
649 3182 703 3242 ant
718 3178 822 3242 credit
842 3176 848 3261 Ι
865 3177 929 3242 Nos
945 3181 1048 3241 autem
1069 3195 1195 3242 uenera-

91 3277 159 3344 bilis
180 3281 309 3345 ooleaiao
330 3281 379 3345 dei
399 3299 453 3362 por
475 3279 648 3363 symbolam
670 3298 779 3363 eorpus
800 3280 931 3363 ingressi
952 3278 1195 3344 indissolubilem

62 3379 179 3445 aloem
196 3400 266 3461 uno
291 3383 376 3447 fonte
403 3383 553 3464 tripertito
579 3383 711 3465 rigatam
740 3383 773 3446 in
799 3386 943 3463 quattuor
968 3381 1195 3465 euangeliorum

93 3481 285 3566 dispositione
312 3484 525 3568 eognouimns,
554 3484 674 3548 nullum
701 3484 795 3548 alium
821 3485 912 3546 deum
942 3501 1008 3546 esse
1037 3483 1194 3546 credentes

190 3653 243 3709 11.
261 3653 299 3707 10.
316 3656 341 3713 4.
358 3655 383 3707 a.
401 3654 425 3707 a.
492 3651 659 3707 411.10.u.
734 3651 918 3713 Mosam.
994 3650 1093 3709 10102.
1111 3655 1135 3712 5,
1154 3654 1193 3705 14.

94 3739 122 3792 15
133 3736 304 3807 spaeram.
350 3739 381 3792 19
391 3736 510 3800 sassa.
555 3735 759 3800 aerisonas.
805 3734 991 3804 aroannam.
1004 3734 1194 3795 arnasano.

131 3925 146 3980 7
164 3916 273 3992 solae]
289 3916 353 3984 Soli
373 3923 483 3977 seribere
495 3923 580 3986 nolui;
593 3923 625 3977 of.
638 3922 741 3977 ‘nullae’
752 3939 777 3991 p.
792 3924 856 3986 lau
926 3923 958 3977 13
975 3914 1194 4003 apochlfpse

299 4009 615 4102 bipeasroooolom
857 4045 859 4048 ⁴
987 4091 993 4103 ι
1081 4099 1083 4103 ‚

92 4095 123 4150 aa
140 4077 433 4176 erie'aiaecoapos
685 4094 719 4147 30
738 4101 919 4168 necatam,
938 4100 958 4151 ε
976 4091 1021 4144 hn.
1039 4089 1088 4144 ool.
