2820 4688
198 217 240 281 46
653 231 856 300 Priscilliani

199 389 259 471 qui
289 387 331 453 ab
360 388 469 452 initio
500 388 639 452 saeculi
664 388 952 469 profetauerunt.
991 386 1117 468 Quando
1139 389 1310 455 incanone

125 480 127 485 ’
198 491 333 574 profetae
361 489 427 554 Noe
454 489 533 554 liber
562 477 660 552 lectus
690 492 758 553 est?
794 491 863 571 quis
892 490 972 553 inter
1002 490 1136 573 profetas
1169 491 1311 575 dispositi

199 591 333 674 cainonis
354 590 499 655 Abrahae
520 590 634 654 librum
656 591 752 674 legit?
774 591 842 672 quis
865 592 945 673 quod
967 591 1129 673 aliquando
1151 591 1220 657 Isac
1236 611 1311 675 pro-

191 693 327 759 ¹fetasset
349 693 490 758 edocuit?
523 693 591 774 quis
612 689 777 775 profetiam
797 692 889 757 Iacob
918 693 999 775 qnod
1020 693 1053 758 in
1074 711 1190 759 canone
1215 696 1310 778 poue·

84 851 85 856 ,
198 799 283 860 retur
304 795 448 860 andiniti.
477 793 559 873 Quos
581 795 608 858 si
629 794 727 858 'lobia
747 795 823 877 legit
844 797 877 858 et
897 795 1110 860 testimonium
1131 796 1335 880 propheticos

199 899 232 962 in
253 915 369 962 canone
389 897 567 980 promeruit,
596 896 737 978 qualiter,
760 897 840 977 quod
862 897 908 960 illi
930 897 968 960 ad
990 898 1201 962 testimonium
1226 915 1310 963 erue·

198 1001 276 1065 ritae
297 1000 421 1064 uirtutis
451 999 549 1079 datur,
579 999 683 1062 elteris
706 999 744 1062 ad
765 999 956 1063 occasionem
979 999 1076 1064 iustae
1102 1000 1310 1070 damnationis

200 1101 403 1166 adscribitur?
439 1101 524 1164 Inter
554 1117 631 1182 quae
653 1101 814 1182 ignoscant
837 1101 950 1184 singuli
972 1103 1094 1184 quique,
1121 1102 1148 1166 si
1169 1103 1310 1169 damnari

199 1214 270 1268 cnm
291 1203 447 1286 prophetis
469 1203 517 1266 dei
539 1203 704 1281 malumus,
727 1221 820 1285 quern
841 1221 913 1266 cum
934 1203 983 1267 his
1005 1205 1058 1286 qni
1079 1205 1203 1269 incauta
1220 1224 1309 1290 prae*

79 1355 81 1359 Α
200 1310 326 1370 sumunt
355 1324 391 1369 ea
419 1323 496 1386 quoe
520 1308 592 1368 sunt
617 1305 759 1388 religiosa
781 1305 970 1369 damnemus,
1009 1305 1084 1386 Quis
1114 1307 1196 1371 enim
1218 1322 1346 1373 acco-¹⁰

200 1396 299 1472 satore
319 1407 385 1472 Noe
414 1407 510 1471 diuini
538 1407 642 1470 iudicii
671 1406 891 1489 disceptatione
920 1425 981 1472 non
1009 1408 1138 1472 timeat?
1174 1409 1221 1472 Dc
1247 1429 1308 1491 quo

140 1517 178 1572 59
201 1510 355 1592 apostolus
378 1507 452 1593 cittii
488 1508 560 1573 Noe
589 1509 726 1572 iustum
755 1509 925 1574 iustitiae
950 1527 1166 1593 praeconem
1187 1516 1308 1578 custo-

200 1611 295 1675 diuit
316 1611 571 1675 cataclismum
593 1613 723 1676 mundo
746 1630 853 1694 super
874 1609 1006 1695 impios
1022 1613 1208 1677 inducens.
1230 1603 1307 1694 Quis

99 1708 102 1713 ’
198 1712 367 1784 Abrahae
381 1711 517 1796 profetae
533 1713 652 1777 sinum
667 1714 707 1777 ad
721 1714 832 1795 qnietis
848 1714 1060 1779 testimonium
1074 1732 1136 1779 non
1150 1715 1308 1811 requirat?

120 1841 122 1845 ·
199 1816 269 1898 quis
290 1816 424 1898 reputari
445 1816 482 1879 in
503 1815 585 1879 Iseo
607 1833 729 1879 semen
747 1816 845 1881 nolit?
867 1817 935 1898 quis
956 1816 1048 1880 Iacob
1070 1817 1227 1882 dictumo
1250 1819 1344 1882 deo1⁵

104 1906 106 1910 ⁸
199 1918 373 1982 Fareonis
388 1918 491 1981 deum
507 1935 568 1981 non
584 1916 686 1982 emet?
716 1904 770 1982 ant
784 1919 853 1999 quis
868 1935 929 1983 non
944 1919 1107 1983 memorias
1129 1924 1306 1984 sanctornm

198 2038 344 2103 respuens
372 2019 578 2098 intremescat,
607 2037 679 2082 cum
706 2018 855 2082 scribtum
877 2021 931 2083 sit:
962 2037 1065 2085 amen
1091 2021 1170 2085 dico
1199 2021 1306 2086 uobis

187 2122 292 2204 >qnod
320 2122 382 2204 qni
409 2120 718 2185 scandalizauerit
740 2121 929 2185 minimum
952 2141 992 2185 ex
1014 2123 1072 2187 his
1100 2124 1162 2205 qui
1191 2125 1306 2189 credi·

199 2225 333 2288 derunt·
359 2224 396 2287 in
425 2223 570 2286 nomine
600 2240 676 2286 meo
704 2220 838 2286 bonum
865 2227 924 2288 est
954 2224 1011 2288 illi
1039 2224 1149 2308 ligari
1174 2226 1305 2291 molam

199 2327 397 2400 asinariam
429 2332 464 2389 et
492 2326 528 2391 in
557 2325 776 2406 profundum
805 2326 916 2389 maris
945 2327 1055 2390 mitti.
1098 2326 1185 2407 Quod
1214 2329 1242 2392 si
1267 2326 1345 2392 dett

149 2498 152 2505 ,
199 2428 334 2492 minimis
356 2428 489 2506 dicitur,'
521 2413 591 2489 nolo
613 2427 699 2506 scire,
729 2426 861 2508 quidde
883 2427 932 2490 liis
945 2428 1012 2509 ,qni
1034 2429 1073 2492 ad
1093 2427 1185 2493 fidem
1212 2431 1306 2513 primi

103 2572 104 2575 =
199 2534 272 2594 sunt
298 2529 521 2612 pronuntietur.
557 2528 595 2590 Iu
624 2527 736 2608 quibus
762 2531 866 2593 tamen
892 2530 1035 2593 omnibns
1064 2528 1151 2595 libris
1174 2537 1306 2596 nonest

164 2671 166 2674 >
193 2634 309 2711 metus,
337 2631 366 2694 si
387 2634 448 2713 qua
469 2628 507 2693 ab
530 2627 703 2692 infelicibus
725 2630 867 2694 hereticis
890 2634 963 2695 sunt
992 2632 1116 2711 inserta,
1145 2634 1244 2697 delere
1274 2638 1306 2699 et

111 2737 112 2742 ’
192 2732 302 2817 (qnae)
326 2721 453 2813 profetis
475 2732 524 2794 uel
541 2731 721 2813 ‘euangeliis
744 2749 805 2795 non
831 2733 1030 2796 inueniuntur
1058 2735 1228 2798 consentire
1256 2753 1306 2798 ree

199 2841 315 2918 spuere.
351 2834 415 2898 Nec
437 2833 519 2897 enim
540 2833 585 2896 illi
607 2833 667 2915 ipsi
688 2833 744 2897 deo
767 2834 865 2898 sencti
886 2835 1079 2899 mendacium
1100 2836 1133 2900 in
1161 2838 1243 2901 neris
1272 2841 1344 2902 et*

131 3009 133 3013 Α
178 2938 347 3020 'sacrilega
368 2927 594 3018 amplectuntur
615 2935 665 2998 uel
687 2935 879 3000 detestabilia
903 2955 958 3019 pro
980 2938 1105 3018 sanctis,
1133 2939 1305 3021 meliusque
1335 3004 1338 3010 ,

198 3046 246 3103 est
274 3037 420 3102 setania
448 3038 489 3101 de
517 3036 687 3120 frugibus
716 3037 847 3101 tollere
869 3057 962 3120 quam
984 3058 1071 3122 spem
1091 3038 1164 3104 boni
1186 3041 1304 3106 fructum

198 3144 320 3227 propter
352 3140 466 3203 sicania
497 3138 675 3220 perdidisse,
712 3140 793 3219 quod
824 3145 984 3222 propterea
1020 3158 1091 3204 cum
1123 3143 1187 3205 suis
1224 3143 1304 3207 inter

193 3241 307 3306 'sancta
331 3241 482 3305 zabulus
512 3241 684 3320 inseruit,
714 3243 758 3319 nt,
788 3240 847 3304 nisi
869 3241 925 3305 sub
948 3247 1037 3310 canto
1059 3260 1202 3323 messore,
1232 3261 1304 3308 cnm

164 3435 167 3438 -
300 3405 331 3458 12
348 3401 536 3463 Iunones.
624 3401 655 3454 14
672 3397 705 3452 er.
718 3398 780 3453 nuc.
794 3402 833 3462 ro,
846 3403 886 3455 ss.
899 3403 940 3456 se.
1027 3403 1059 3456 ro
1076 3399 1110 3458 cf.
1128 3401 1191 3456 cen
1204 3405 1245 3467 21,
1259 3406 1304 3466 ra
1320 3389 1340 3471 ᾗ

197 3489 271 3543 Rom.
284 3491 308 3551 9,
321 3491 336 3542 7
354 3486 386 3540 al.
438 3484 625 3553 quisnamne.
638 3498 662 3551 q.
675 3483 707 3552 s]
725 3483 758 3538 cf.
770 3484 849 3539 Exod.
862 3489 885 3547 7,
900 3488 914 3542 l
932 3485 978 3539 nbi
990 3486 1122 3564 tamen-de
1132 3486 1204 3541 Mose
1215 3489 1304 3556 agitur

81 3598 83 3601 v
199 3569 512 3647 remmemnnam.
527 3570 601 3632 rso.
641 3567 923 3632 crosmenroee.
957 3572 991 3626 eo
1008 3569 1301 3635 susannense.

240 3716 270 3774 11
299 3687 573 3804 biscepmronoe]
592 3711 672 3771 facilc¹
690 3711 722 3765 de
744 3706 891 3798 accusation
909 3714 1016 3782 cogitem
1039 3714 1071 3768 of.
1083 3718 1200 3783 quaein
1220 3717 1301 3786 praef.

197 3869 292 3939 cap.H
309 3869 341 3922 de
357 3847 587 3950 littJd'oppresse
604 3865 656 3919 dixi
728 3823 897 3951 1911ᾀζλκ1,
911 3871 1008 3935 puncto
1030 3869 1189 3936 superposito
1211 3882 1230 3929 e
1253 3870 1302 3924 del

135 3974 138 3980 ’
191 3965 230 4028 ’22
246 3964 545 4053 ΡκοΝυΝἪΑῐυκ]
565 3969 660 4020 retinui
677 3959 856 4030 indicetiunm
875 3967 1169 4035 quamuis'desideretnr
1180 3972 1302 4024 coniunc-

103 4122 119 4143 „
195 4074 272 4128 tinus.
341 4075 373 4128 24
392 4067 577 4152 qUAe'deest
594 4070 621 4122 in
638 4070 732 4123 codice.
1295 4082 1297 4086 ⁴
