2820 4688
618 214 779 265 tractatus
797 210 846 264 111.
1244 194 1285 257 55

201 359 244 426 ubi
259 363 413 430 libertas
435 365 486 429 ibi
502 365 684 445 Christus,
706 365 784 431 libet
805 385 854 429 me
873 383 969 428 unum
984 366 1116 428 clamare
1131 383 1186 448 pro
1202 367 1283 444 totis,

197 463 303 541 priaet
314 485 380 549 ego
392 467 564 550 spiritum
577 469 713 532 domini
724 467 853 531 habeo:
869 471 969 531 cesset
979 467 1096 530 inuidia
1106 467 1230 531 diaboli!
1246 467 1283 530 ab

194 565 313 632 onnibns
325 569 525 633 adnuntiatus
536 574 584 633 est
594 571 745 647 dominus,
757 568 796 632 ab
808 568 949 632 omnibus
960 570 1130 651 profetatus
1142 574 1190 632 est
1198 569 1285 634 chri-

190 673 251 747 stus,
260 668 326 754 (ab)
336 671 439 735 Adam
450 670 594 736 SedNoe
606 670 792 735 Abraham
806 670 1007 734 IsacIacob
1023 674 1053 734 et
1068 689 1086 734 a
1100 673 1208 735 ceteris
1223 673 1283 752 qui

160 768 219 833 tab
245 771 357 836 initio
387 772 530 838 saeculi
552 775 849 856 protenderunt,
873 776 904 836 et
925 773 1093 855 intrepidus
1116 773 1181 836 dico
1203 775 1283 854 quod

181 873 289 938 inuidet
303 874 458 940 diabolus:
481 878 647 939 uenturum
668 875 700 938 in
723 893 813 938 carne
835 875 926 938 deum
946 874 1048 938 omnis
1070 874 1161 937 homo
1184 875 1283 953 sciuit,

178 992 232 1038 non
246 976 348 1039 dicam
362 976 408 1040 bii
422 994 499 1058 quos
514 978 547 1041 in
562 977 760 1058 dispositione
770 976 977 1059 generationis
993 993 1065 1039 suae
1077 976 1109 1039 in
1124 977 1282 1058 euangelio

175 1077 245 1141 deus
267 1078 371 1159 posuit
386 1082 417 1141 et
438 1079 561 1143 diuinae
583 1083 710 1142 naturae
725 1077 818 1142 fidem
837 1082 868 1141 et
890 1095 1052 1142 numerum
1074 1078 1182 1142 canoni
1196 1095 1283 1160 prae·

173 1183 315 1244 staturos.
351 1179 438 1260 Quod
454 1181 535 1244 sicut
550 1179 718 1244 scientibus
734 1184 765 1244 et
780 1179 963 1262 negantibus
978 1180 1076 1243 maior
1089 1198 1186 1262 poena
1207 1184 1263 1260 est,
1275 1177 1284 1262 l!

137 1282 214 1345 asic
235 1287 268 1345 et
288 1283 427 1364 perfecta
447 1283 545 1366 gloria
571 1289 700 1347 estnon
729 1283 829 1346 solum
851 1284 956 1346 corde
986 1282 1141 1362 credere,
1171 1283 1225 1346 sed
1251 1287 1282 1346 et
1307 1287 1321 1304 ‘

168 1401 229 1447 ore
244 1385 494 1448 confessionis
508 1385 638 1468 gloriam
654 1403 715 1448 non
730 1402 851 1467 negare,
866 1383 986 1448 dicento
1001 1384 1115 1448 Dauid:
1136 1383 1282 1462 credidi,

166 1492 319 1569 propter
347 1487 441 1568 quod
472 1488 619 1551 locutus
649 1506 736 1551 sum.
774 1486 811 1550 In
840 1504 900 1568 quo
930 1490 961 1550 et
990 1488 1145 1566 apostolus
1173 1486 1282 1550 Petrus

167 1589 269 1653 sciens
291 1589 511 1653 conscientiam
534 1588 673 1655 inlibris
695 1589 848 1654 canonicis
871 1589 991 1652 numeri
1012 1589 1160 1651 rationem
1184 1592 1215 1652 et
1235 1607 1283 1651 re-

164 1691 274 1754 laxans
289 1689 412 1774 legendi
435 1710 471 1755 ea
489 1709 567 1772 quae
589 1693 626 1756 de
642 1690 764 1756 Christo
780 1691 894 1774 scripta
917 1694 989 1754 sunt
1002 1688 1188 1769 libertatem,
1211 1708 1280 1753 cum

125 1812 152 1852 rs
166 1793 207 1855 ad
222 1791 404 1857 Golosenses
420 1794 585 1877 epistulam
600 1794 695 1872 daret,
718 1794 806 1857 dixit:
836 1811 915 1857 cum
936 1793 1032 1856 lecta
1054 1791 1167 1856 luerit
1189 1793 1281 1874 apud

166 1914 232 1959 uos
247 1896 412 1978 epistula
426 1896 523 1976 baec,
540 1896 665 1976 tacite,
688 1900 728 1960 ut
742 1902 778 1960 et
799 1897 836 1958 in
852 1895 1131 1959 Laodicensium
1147 1895 1281 1958 eclesia

165 1998 328 2080 legatur,
357 2002 395 2062 et
423 2017 501 2062 eam
529 2016 621 2079 quae
651 1998 931 2062 Laodicensium
961 2000 1017 2060 est
1046 2015 1110 2061 uos
1136 1997 1280 2079 legatis.

165 2100 234 2164 Aut
254 2100 406 2182 numquid
423 2099 608 2164 damnabilis
624 2100 704 2183 apud
718 2118 773 2164 uos
789 2100 945 2181 apostolus
960 2099 1028 2177 luit,
1050 2099 1104 2180 qui
1119 2099 1281 2180 epistulam

165 2219 246 2282 quae
271 2202 305 2265 in
327 2220 442 2267 canone
465 2221 526 2266 non
548 2207 613 2266 orat
642 2202 806 2285 discipulos
837 2219 908 2264 suos
930 2202 1031 2284 legere
1048 2199 1052 2285 1
1069 2201 1209 2283 permisit
1230 2207 1283 2263 aut

122 2303 257 2367 acuobis
285 2304 385 2369 maior
414 2322 488 2368 cura
515 2322 571 2388 pro
600 2304 722 2370 christe
751 2308 799 2368 est
827 2304 931 2385 sicque
960 2304 1133 2367 uoluntates
1162 2308 1281 2366 uestras

165 2407 269 2489 agitis,
299 2412 335 2470 ut
363 2407 513 2472 iniustum
534 2408 680 2472 iudicium
702 2407 795 2472 etiam
816 2408 849 2471 in
871 2426 908 2470 ea
936 2425 1014 2488 quae
1036 2410 1106 2471 ante
1129 2423 1184 2469 uos
1207 2412 1283 2469 sunt

166 2510 292 2573 decreta
312 2510 468 2574 tendatis?
491 2509 641 2574 Omnibus
661 2509 745 2574 enim
759 2509 848 2573 nobis
870 2510 921 2591 qui
936 2510 1028 2573 deum
1043 2507 1198 2573 Christum
1218 2527 1282 2571 cre·

165 2610 270 2674 dimus
292 2612 485 2692 plenitudo
505 2612 597 2676 fidei
618 2612 683 2676 dies
703 2611 819 2675 domini
834 2615 882 2675 est
903 2615 935 2674 et
948 2611 997 2674 lex
1018 2611 1101 2674 uitae
1123 2611 1281 2692 apostolici

165 2713 268 2775 torma
288 2713 443 2795 praecepti
465 2717 521 2793 est,
552 2713 707 2795 quoniam,
731 2714 758 2777 si
778 2713 875 2777 sides
898 2732 938 2776 ex
966 2712 1104 2792 auditu,
1134 2712 1280 2776 auditus

123 2817 290 2876 marstem
315 2833 378 2897 per
409 2815 522 2878 iidem
550 2818 713 2894 constat,
744 2815 873 2897 qualiter
899 2814 987 2878 nobis
1016 2815 1190 2883 futurorum
1212 2831 1281 2895 spes

271 2972 337 3028 loi.
355 2972 391 3027 11.
403 2973 462 3028 Cor.
474 2977 498 3037 3,
512 2977 553 3030 10.
633 2973 849 3038 21.00r.7,4o.
930 2972 1063 3036 about,
1078 2976 1116 3029 13.
1199 2975 1230 3029 10
1248 2974 1280 3026 cl.

166 3058 243 3111 Rom.
261 3061 301 3122 10,
319 3061 359 3114 10.
457 3062 488 3115 11
507 3059 617 3128 credidi]
635 3061 678 3114 Pa.
697 3064 753 3122 115,
772 3063 811 3115 10.
899 3063 930 3115 15
948 3059 1043 3120 coll,
1061 3063 1101 3114 16.
1197 3061 1231 3112 23
1248 3058 1280 3111 cf.

163 3141 247 3196 ·Habr.
261 3146 301 3205 10,
313 3145 354 3198 22.
418 3146 452 3200 24
469 3145 544 3198 Rom.
558 3148 598 3208 10,
612 3147 656 3209 10;
674 3144 706 3198 ci.
719 3146 787 3211 Hac,
801 3146 833 3199 dc
843 3147 906 3200 teia.
923 3146 954 3212 V,
965 3149 1007 3210 32,
1025 3143 1070 3196 ubi
1088 3147 1156 3204 recte
1173 3143 1281 3210 legitur:

167 3225 227 3280 aud.
241 3232 329 3281 auteur
346 3244 393 3297 per
410 3228 549 3283 uerbum.

269 3357 286 3409 2
310 3356 445 3424 Hilarius,
468 3363 562 3412 cosdra
585 3357 673 3413 Gonni.
695 3359 759 3426 imp.
780 3376 800 3412 c.
819 3362 849 3411 6.·
870 3360 953 3410 cesset
974 3357 1061 3424 itaque
1082 3355 1280 3409 maledictorum

167 3438 254 3506 opinio
271 3443 299 3493 et
315 3440 445 3494 mendacii
462 3441 586 3510 suspicio;
605 3443 638 3496 cf.
657 3443 689 3496 de
700 3444 762 3496 tria.
776 3443 816 3509 ΙΙ,
828 3446 859 3507 9,·
881 3443 943 3509 VII,
954 3446 1001 3506 24;
1018 3442 1088 3508 XII,
1099 3444 1141 3495 35.

157 3577 290 3634 <lab
306 3576 379 3630 deest
463 3577 1057 3646 6carme]uid.sup1ap.7‚1a;21,22al.
1154 3581 1185 3634 13
1204 3589 1277 3637 coro

167 3678 374 3747 ΞΕΙΕΝῙΙΑΤ]
390 3678 423 3732 ci.
439 3695 521 3747 supra
537 3696 562 3747 p.
580 3683 604 3742 5,
620 3682 649 3741 4;
667 3681 737 3742 30,3
755 3678 787 3732 al.
812 3678 927 3747 exempla
949 3676 1106 3732 abundantis
1128 3679 1231 3734 litterae
1252 3682 1279 3734 M

165 3833 199 3884 no
216 3831 329 3912 sique]
354 3831 387 3886 cf.
405 3835 445 3895 54,
463 3837 496 3888 23
581 3837 615 3889 22
637 3793 817 3910 tedanus,
845 3826 863 3891 b
885 3850 935 3887 ras.
958 3834 1008 3887 cer.
1095 3824 1280 3920 caedamus

165 3915 380 4018 plje'txttwbo,
396 3939 484 4002 eratne
499 3925 708 3996 cbedemus?
759 3938 792 3990 23
804 3935 876 3989 locus
892 3925 1142 3996 ΝΙῐυδο-δΙΕΞ
1152 3936 1280 4003 scriptura

165 4037 281 4087 corruta
298 4023 437 4090 exaratur
484 4021 957 4125 Lesretlcrdorraeaposrolro¹
1025 4041 1058 4093 24
1078 4029 1161 4116 prbis
