2820 4688
581 830 961 948 PltlSClllllNl

423 1058 694 1142 uulcrlrus
727 1059 788 1142 lu
822 1059 1048 1150 uououuu
1077 1060 1120 1142 u.

67 1222 155 1266 Vlietl.
166 1224 204 1266 tol.

135 1301 194 1354 124
258 1289 400 1354 Profetici
421 1289 547 1353 historia
569 1291 717 1354 sermonis
746 1291 856 1353 diuinis
877 1288 986 1354 inbuta
1011 1290 1114 1354 uerbis
1137 1294 1168 1355 et
1192 1308 1329 1373 pronun·

216 1391 321 1454 tiautis
343 1391 424 1454 tituli
443 1393 528 1455 uelut
553 1393 698 1474 propositi
719 1393 862 1456 thematis
884 1396 972 1475 gesta
993 1393 1155 1475 disponens
1177 1410 1238 1456 non
1261 1411 1328 1456 me-

217 1493 346 1556 moriam
368 1494 541 1564 mortalium
563 1497 745 1576 tempomm,
775 1511 853 1574 quae
881 1494 1074 1558 conhiuentia
1099 1494 1233 1558 humano
1255 1512 1327 1558 sen·
1352 1519 1366 1559 a

217 1594 264 1657 sui
295 1595 428 1658 fortuitis
461 1614 582 1677 semper
614 1595 748 1660 motibus
780 1596 813 1659 in
845 1595 959 1676 aliquid
992 1596 1135 1675 existunt,
1167 1599 1327 1677 tamquam

216 1695 254 1758 ad
277 1696 445 1761 doctrinam
472 1696 610 1778 publicae
637 1698 786 1780 opinionis
809 1697 969 1779 eloquitur,
999 1698 1053 1762 sed
1074 1697 1209 1762 reterens
1238 1700 1327 1780 gesta

216 1815 388 1881 regnorum,
404 1799 477 1862 dum
492 1800 569 1862 alter
583 1799 678 1863 alium
691 1801 728 1863 ut
740 1799 845 1863 uincad
857 1799 1016 1882 inpugnat,
1035 1800 1093 1863 hoc
1106 1799 1187 1881 quod
1200 1799 1327 1863 unicum

215 1900 349 1964 innubis
368 1901 508 1984 prosatici
529 1903 628 1983 operis
648 1919 759 1965 munus
775 1903 822 1965 est
835 1901 924 1964 docet
936 1904 1007 1983 post
1021 1898 1205 1986 euasiolnem
1219 1917 1326 1965 eorum

216 2020 294 2083 quae
315 2005 388 2067 sunt
410 2003 442 2067 in
457 2003 569 2067 mundo
591 2004 624 2066 in
645 2003 809 2086 cupiditate
823 2002 958 2085 perditae
980 1999 1061 2067 uitae
1074 2003 1155 2067 iuter
1175 2005 1222 2067 tot
1242 2002 1326 2067 bella
1340 2030 1365 2068 ιο

214 2105 358 2168 uitiorum
372 2105 588 2169 conscientiam
610 2104 648 2169 ab
671 2107 754 2168 omni
768 2107 857 2187 culpa
878 2105 1006 2169 liberam
1028 2122 1209 2169 cousemare
1232 2105 1327 2168 etsie

216 2207 295 2270 tanti
309 2208 442 2270 muneris
459 2208 549 2270 deum
563 2210 781 2289 parentemque
797 2205 906 2271 debere
921 2207 1071 2289 cognosci,
1089 2210 1134 2286 ut,
1157 2206 1209 2288 qui
1222 2222 1325 2287 omne,

216 2308 296 2388 quod
316 2309 434 2391 profeta
455 2309 487 2372 ia
508 2309 715 2390 perseeutione
730 2309 875 2372 sustinuit
896 2312 927 2372 et
945 2309 1082 2374 Christus
1105 2308 1178 2372 deus
1200 2308 1233 2371 in
1253 2325 1326 2390 pas·

217 2410 334 2474 sionem
363 2429 451 2474 suam
478 2411 561 2490 uicit,
594 2410 637 2473 ad
665 2411 865 2475 doctrinam
894 2414 1055 2475 nostram
1084 2409 1222 2475 scribta
1255 2429 1325 2474 esse

216 2513 400 2598 cognouerit,
429 2513 498 2576 utili
525 2531 560 2575 ac
588 2513 759 2576 necessaria
785 2512 823 2575 ad
848 2513 1088 2596 intellegendum
1109 2511 1324 2576 mandatorum
1337 2538 1363 2578 rs

136 2629 193 2684 125
216 2614 266 2677 uia
280 2615 381 2677 nitens
393 2614 470 2678 iuter
481 2618 526 2678 tot
536 2615 736 2697 inexploratos
748 2615 899 2678 humanae
910 2616 991 2678 uitae
1006 2615 1161 2679 molestias
1177 2617 1208 2677 et
1220 2610 1231 2700 {l
1244 2613 1325 2677 indi·

216 2733 292 2797 gnas
308 2715 362 2778 deo
377 2716 489 2779 saeculi
507 2716 726 2779 mensurabiles
741 2734 859 2798 pugnas
874 2716 1029 2780 luricam
1043 2716 1219 2794 iustitiae,
1242 2730 1324 2778 con·

215 2817 391 2881 fidentiae
406 2819 556 2900 galeam,
578 2822 718 2881 scutum
733 2819 931 2899 aequitatis
947 2823 988 2898 et,
1004 2819 1082 2882 sicut
1101 2817 1248 2882 scribtum
1264 2820 1322 2897 est,

216 2919 377 3003 gladium
399 2938 439 2983 ex
463 2923 614 3000 utraque
636 2923 737 3001 parte
763 2923 907 2983 acutum
930 2920 1024 2984 diuini
1045 2921 1104 2984 oris
1127 2920 1269 2983 adsumat
1291 2923 1322 2982 et

318 3099 350 3151 14
359 3095 399 3151 (it.
408 3097 481 3150 Rom
493 3099 533 3160 15,
541 3097 566 3150 4.
602 3098 633 3152 17
642 3094 675 3150 cf.
684 3095 706 3149 1.
713 3095 802 3150 Thess.
811 3099 835 3159 5,
845 3098 873 3157 83
882 3095 948 3164 Iiph.
958 3097 982 3160 6,
992 3098 1032 3152 14.
1069 3098 1100 3151 19
1113 3094 1146 3149 cf.
1155 3094 1235 3163 Apcc.
1247 3096 1270 3156 1,
1281 3095 1321 3149 16.

318 3257 410 3313 auid.
427 3273 492 3325 quos
509 3225 587 3310 citaui
605 3272 683 3325 supra
698 3272 724 3325 p.
736 3259 770 3313 86
787 3257 894 3311 Hilarii
910 3255 988 3311 locos.
1161 3220 1162 3223 Ἴ

259 3429 354 3486 auid.
376 3428 512 3496 subscript.
533 3426 611 3480 huius
633 3430 760 3479 tractatus
777 3427 804 3478 ot
826 3425 962 3495 subscript.
989 3430 1116 3481 tractatus
1135 3425 1320 3480 antecedentis.

217 3533 235 3587 8
258 3530 338 3585 uerba
361 3509 836 3614 ptioyltlct-pttomttltcttatxfl
861 3530 914 3581 tres
939 3545 1029 3582 uersus
1059 3528 1215 3598 complentia
1241 3526 1321 3580 rubro

217 3633 300 3687 colore
317 3634 419 3685 exarata
435 3633 497 3684 suut
566 3638 737 3713 ρκοῇεῐΙίΙ,
759 3640 818 3689 tex
837 3640 844 3687 t
864 3645 927 3683 corr.
946 3629 1035 3697 (rubro
1052 3630 1146 3698 colore)
1217 3630 1235 3683 4
1250 3638 1320 3708 pito

219 3769 448 3846 ΝυΝτιΛῗῐτεε
507 3787 523 3838 5
542 3719 786 3859 contractos,
807 3781 883 3847 utu
902 3783 948 3848 ur)
962 3782 1008 3838 lin.
1026 3782 1076 3836 del.
1145 3784 1178 3839 13
1195 3789 1320 3864 passio

219 3894 421 4004 ΝεωευΑω]
436 3936 491 3991 uid.—
508 3951 586 4004 supra
603 3937 643 3998 39,
657 3936 700 3998 13;
718 3936 759 3998 48,
770 3936 799 3997 7;
816 3936 885 3999 50‚2
903 3933 935 3987 al.
987 3937 1019 3990 17
1034 3925 1317 4013 memsuaaadoe,

219 4051 230 4100 ε
248 4056 277 4093 ax
296 4039 379 4098 lfact.
