2820 4688
544 237 704 286 tractatus
727 231 776 285 111.
1174 213 1215 276 47

103 387 234 451 aeeauiis
262 387 330 450 frux
358 384 487 470 peliriret
509 391 540 452 et
567 386 649 451 bona
670 387 784 451 iaceret
805 388 939 451 occidere
961 405 1033 451 eum
1062 385 1215 468 pessimis,
1238 391 1278 445 oo

103 505 167 552 uua
188 488 343 552 sententia
368 489 562 572 adstringens
589 507 659 552 eum
688 489 741 570 qui
769 489 904 572 pessima
932 506 1003 552 oum
1032 487 1121 552 bouis
1148 488 1216 550 iun·

100 590 149 673 gil
178 607 272 672 quam
301 591 354 672 qui
375 583 458 655 bona
478 609 549 655 eum
571 592 661 655 malis
682 591 792 672 perdit.
828 591 967 672 Denique
997 591 1029 654 iu
1057 590 1216 673 euangelio

101 695 174 756 oea
192 691 353 756 Luoauum
375 693 494 757 dioeule
517 693 707 776 euangelista
721 696 853 757 testatur
868 694 942 757 deus
958 693 1075 758 diosus:
1099 692 1217 774 iuqui-

21 832 24 835 ψ
73 798 205 859 oretur
235 796 388 879 sanguis
414 797 573 860 omnium
596 797 820 880 profetarum
849 796 910 877 qui
935 796 1082 860 'effusus
1112 798 1169 859 est
1198 811 1217 858 a
1282 790 1286 796 ’

98 884 374 962 constitutione
396 899 533 976 muudi,
563 916 581 962 a
610 898 789 981 sanguiue
810 897 904 962 Abel
933 898 1111 979 usquead
1137 915 1215 960 sau·

96 999 249 1082 guinem
283 999 504 1064 zacchariae
537 1001 598 1080 qui
632 1000 776 1063 ooeisus
809 1003 865 1064 est
896 1000 993 1064 iuter
1027 1001 1145 1064 altare
1181 1003 1215 1063 et

97 1101 242 1175 sedem3
256 1105 296 1166 et
310 1101 416 1166 Helias
437 1103 468 1165 iu
483 1120 646 1185 regnorum
662 1103 719 1165 eil:
743 1102 876 1166 altaria
890 1106 954 1166 tua
968 1102 1216 1181 suffoderunt,

95 1203 269 1286 profetas
290 1206 372 1268 tuos
395 1204 609 1268 oeeilerunt
631 1209 665 1268 et
692 1223 756 1287 ego
778 1205 932 1269 relictus
955 1223 1034 1268 sum
1056 1204 1157 1268 solus
1180 1207 1216 1267 et

52 1309 287 1387 ¹⁰·quaeruul
308 1306 466 1370 animam
489 1324 612 1370 meam.
649 1304 725 1386 Quis
747 1292 795 1370 est
817 1306 876 1370 iste
897 1305 978 1370 hoel
1002 1307 1130 1388 profeta,
1160 1307 1213 1384 ex}

78 1425 161 1488 quo
192 1408 318 1491 sanguis
347 1408 536 1491 proletamm
566 1409 698 1490 sumpsit
727 1409 892 1488 exordium,
923 1409 1010 1472 euius
1032 1407 1216 1491 principium

93 1510 131 1574 iu
155 1510 354 1574 Zaeehariam
379 1510 469 1575 finit?
506 1509 565 1589 Qui
587 1515 660 1574 sunl
686 1511 729 1574 illi
752 1511 843 1574 medii
865 1512 916 1592 qui
937 1511 1080 1575 uidentur
1102 1510 1217 1574 oeeisi?

93 1611 132 1676 Si
155 1613 240 1676 euim
262 1631 352 1676 omne
374 1613 455 1694 quod
478 1613 589 1677 dieitur
610 1614 642 1676 iu
664 1611 752 1677 libris
775 1613 900 1676 oauouis
922 1613 1078 1694 quaeritur
1100 1615 1132 1675 et
1145 1612 1216 1694 plus

90 1713 213 1798 legisse
239 1732 366 1798 pomero
395 1718 453 1794 est,
482 1716 603 1779 nullum
629 1714 667 1778 ab
697 1715 746 1778 his
776 1715 828 1795 qui
857 1715 889 1778 in
919 1731 1034 1779 eauoue
1056 1714 1217 1779 eonstituti

30 1821 67 1860 ¹⁵
95 1822 174 1882 suut
202 1817 355 1900 profetam
380 1817 512 1901 legimus
534 1818 678 1897 ooeisum,
709 1835 744 1881 ao
770 1818 797 1880 si
819 1821 903 1880 extra
925 1816 1138 1880 auctoritatam
1166 1832 1216 1880 oa*

94 1920 191 1984 nouis
213 1919 290 1983 nihil
312 1919 363 1984 uel
385 1920 608 1984 adsumendum
630 1923 678 1983 esi
700 1919 750 1982 uel
772 1919 949 1998 leuandum,
972 1936 1032 1983 non
1051 1935 1215 2002 possumus

95 2024 224 2087 tautum
246 2021 360 2086 fabulis
382 2022 504 2086 eredere
527 2025 559 2086 et
580 2039 641 2086 non
663 2021 824 2085 historiam
847 2021 953 2103 scripti
974 2021 1124 2087 laetorum
1146 2037 1215 2103 pro-

98 2123 230 2188 batione
246 2125 387 2189 relinere.
410 2124 553 2188 Fortasse
575 2125 657 2188 euim
680 2123 790 2205 aliquis
813 2123 932 2187 exsiliat
951 2125 982 2186 el
996 2123 1079 2186 dieat
1092 2121 1214 2185 Essiam

98 2226 196 2290 fuisse
226 2226 408 2300 dissectum
439 2226 465 2290 si
494 2227 563 2308 quis
592 2226 644 2289 ille
667 2230 713 2289 est
739 2226 818 2289 inter
840 2225 1015 2289 huiusmodi
1045 2224 1098 2306 qui
1125 2225 1187 2288 ista
1206 2221 1216 2307 ΙΙ

12 2325 66 2370 ²⁰
102 2328 326 2408 damnaueriul,
355 2347 390 2392 os
419 2347 511 2394 suum
532 2328 656 2392 olaudat
684 2330 738 2391 aut
760 2332 841 2392 seme
867 2327 1028 2390 historiam
1049 2327 1150 2390 laetae
1170 2326 1215 2390 rei
1237 2329 1276 2384 61

98 2427 260 2512 'profereus
279 2431 407 2514 picturis
421 2450 455 2495 se
474 2432 557 2495 (lieet
578 2431 700 2494 eredere
721 2430 772 2504 uel
793 2431 902 2513 poetis,
922 2430 1067 2511 quoniam
1088 2428 1150 2492 iam
1169 2429 1216 2492 fa·
1322 2439 1324 2442 ⁴

104 2532 189 2597 oilius
218 2533 387 2597 admittunt
415 2534 497 2615 quod
525 2533 746 2616 philosolorum
778 2532 880 2596 studia
906 2527 1106 2607 mentiuntur,
1133 2535 1216 2596 uerte

104 2638 137 2698 ul
157 2635 335 2700 huiusmodi
355 2636 400 2700 rei
422 2636 633 2699 testimouium
656 2638 688 2699 et
708 2635 878 2698 oeeisorum
892 2635 1082 2717 profetarum
1104 2650 1123 2697 a
1144 2650 1216 2696 eou-

105 2737 261 2802 slitulioue
283 2738 390 2802 muudi
413 2738 538 2820 sanguis
560 2737 740 2818 requiratur.
764 2735 848 2816 Quae
864 2737 891 2800 si
905 2736 1096 2819 euangelista
1109 2735 1215 2818 legens
1272 2775 1275 2786 .

16 2831 86 2882 ²³
104 2843 183 2904 reete
206 2841 245 2903 ad
266 2841 477 2904 testimouium
503 2839 632 2922 protulit
653 2840 772 2903 diosus:
803 2841 971 2903 serutale
997 2837 1214 2911 scribturas,

105 2943 196 3007 etiam
225 2961 275 3006 me
303 2947 340 3008 ul
369 2961 406 3008 ea
434 2944 566 3026 legerem
596 2960 674 3025 quae
704 2943 821 3025 legerat
849 2942 951 3006 traria
987 2940 1057 3005 Non
1088 2956 1215 3023 possum

106 3049 206 3109 autem
228 3046 328 3110 disere
350 3046 429 3127 quod
452 3047 535 3126 loqui
558 3061 658 3128 cogor,
689 3049 724 3110 ut
746 3044 822 3108 mihi
849 3043 1022 3125 apostolum
1044 3043 1132 3123 sequi
1154 3043 1216 3106 uori
1261 3075 1262 3078 π

201 3213 292 3269 lhuo.
307 3217 347 3276 11,
359 3219 400 3270 50.
413 3218 454 3272 51.
506 3213 584 3270 8111.
597 3213 660 3281 Bag.
675 3216 714 3275 19,
729 3217 772 3275 10;
790 3212 864 3266 Rom.
878 3216 918 3274 ll,
930 3215 954 3268 2.
966 3214 990 3267 3.
1042 3211 1124 3267 2510.
1137 3214 1162 3273 5,
1173 3211 1215 3266 89.

144 3337 176 3392 18
192 3321 329 3400 Halanos,
347 3341 442 3389 contro
459 3333 547 3388 Oonst.
559 3335 632 3402 inrp,
644 3351 665 3387 o.
678 3337 708 3386 4:
726 3347 773 3385 uae
785 3347 832 3399 ego
844 3375 850 3385 .
864 3373 870 3384 .
884 3373 889 3384 .
902 3331 1039 3399 equuleum
1056 3331 1215 3391 metuissem,

105 3419 145 3484 qui
162 3419 295 3474 desuetum
307 3419 412 3472 Esaiam
424 3419 538 3472 scissem.
552 3447 583 3456 —
599 3419 714 3483 Tmoli,
732 3418 764 3472 de
771 3418 913 3486 palmatio,
926 3434 946 3470 o.
958 3421 1007 3470 14:
1022 3415 1064 3468 his
1074 3415 1216 3484 patientiae

105 3504 202 3558 uiribus
219 3508 322 3558 secatur
338 3504 439 3564 Esaiam
457 3504 516 3558 alii.

143 3645 290 3722 equam
309 3641 413 3710 scripse
431 3641 499 3694 sou:
518 3629 608 3720 quoh
710 3641 728 3694 4
746 3632 939 3707 locaremur]
960 3637 1051 3691 eadem
1068 3637 1154 3690 forme
1170 3637 1216 3690 oe-

104 3726 271 3790 proheuolitur
292 3727 320 3780 iu
342 3725 416 3780 eoold.
439 3727 559 3787 Uindoh„
582 3740 658 3792 quem
681 3723 810 3777 Bolsheim
833 3739 901 3776 anuo
920 3726 993 3786 1885,
1016 3723 1045 3777 in
1066 3723 1215 3788 Ussers'uoo,

105 3824 178 3876 quam
199 3800 311 3866 Abhoth
325 3814 398 3872 1884,
421 3811 448 3864 in
465 3811 652 3876 Ambrosiam,
674 3825 751 3876 quem
769 3808 871 3864 Ceriaui
890 3811 965 3870 1861,
987 3812 1014 3862 et
1035 3807 1063 3861 iu
1082 3808 1216 3870 Gerasam,

105 3897 174 3951 euius
196 3900 298 3966 partem
318 3895 497 3950 Worhsworth
521 3897 587 3952 1883
609 3894 677 3947 edio.
798 3904 1023 3974 lroqvlklwk,
1041 3894 1054 3954 ἐ
1073 3909 1103 3946 ox
1122 3903 1129 3950 ι
1150 3908 1214 3973 sorr,

105 4001 119 4052 o
136 3987 619 4064 acomsuru-rroroeormmehr]
640 3997 672 4050 of.
690 3998 790 4059 ae,13;
807 3999 848 4058 le,
861 3994 885 4060 r,
897 3996 939 4060 al,
957 3997 1003 4050 seo
1018 4012 1078 4050 eum
1094 3996 1123 4059 in
1137 3996 1216 4049 huius

105 4084 211 4152 paginae
228 4099 305 4138 uersu
323 4087 356 4138 24
373 4083 476 4152 legatur
495 4083 520 4136 'a
537 4081 737 4144 constitutioue‘,
756 4083 834 4135 etiam
853 4082 897 4135 hio
913 4081 1057 4136 ablatiuum
1075 4080 1179 4146 exhibui
