2820 4688
311 235 315 248 ’
417 299 424 314 ,
547 251 706 303 tractatus
727 247 772 303 VI.
1172 227 1213 291 79

109 403 197 485 Quod
208 390 313 470 antam
327 421 441 488 agnus
456 405 698 469 inmaculatus
714 403 904 467 anniculus
920 421 955 466 er
966 402 1052 485 agnis
1064 405 1094 467 ot
1107 399 1211 463 haedis
1238 405 1293 459 107

108 508 223 589 potitur
249 505 440 588 adsumptus,
470 510 513 585 ut,
543 505 622 569 siout
649 504 794 569 scribtum
825 507 881 584 ost,
910 504 1101 567 imitantes
1125 519 1212 584 opus

110 607 251 673 Christi
279 609 420 673 malitia
447 608 591 691 paruoli
624 611 658 673 ot
686 607 901 671 inmaculati
931 606 1047 688 logum
1080 605 1213 669 domiui

108 710 305 775 intuentos
320 727 509 793 operemur
523 714 564 790 st,
579 711 651 773 dum
667 709 757 774 homo
772 710 828 773 deo
842 709 985 787 redditur,
999 708 1091 773 totius
1108 707 1212 770 mundi

82 812 143 875 oin
164 828 244 877 anno
265 829 393 877 numoro
420 812 539 878 douioto
561 811 791 875 innumorabilis
814 810 925 875 Christi
946 814 1054 873 natura
1075 813 1213 873 teneatur

108 915 211 996 sioqns
241 932 278 979 ox
299 913 387 998 agnis
409 918 441 979 st
461 914 566 978 haedis
587 915 667 979 idest
688 932 721 977 or
744 912 862 988 duobus
883 914 914 976 in
940 930 1035 977 unum
1057 912 1209 975 hominem

108 1032 225 1080 nouum
239 1015 372 1098 corporis
395 1019 426 1081 at
439 1016 564 1098 spiritus
586 1015 801 1079 oustidoatious
817 1018 958 1096 suscepta
971 1013 1084 1095 pascha
1098 1013 1212 1077 domini
1326 1069 1328 1074 .

107 1121 140 1184 et
161 1117 277 1200 paseha
297 1122 436 1183 nostrum
458 1118 515 1181 hoo
537 1123 584 1182 est
599 1116 737 1181 (lhristus
759 1117 790 1179 in
811 1116 933 1180 homino
956 1119 986 1179 ot
1007 1116 1097 1179 homo
1118 1112 1212 1200 iulus·

107 1218 209 1283 niatur
221 1219 254 1284 in
269 1217 388 1286 Christo
403 1224 434 1284 ot
448 1220 637 1300 adinploutur
652 1219 731 1300 qnod
750 1217 897 1283 scribtum
913 1221 972 1282 est:
996 1218 1057 1299 qui
1078 1217 1212 1281 sanati-

68 1320 203 1385 rofioat
230 1324 266 1386 st
293 1321 355 1402 qni
382 1321 643 1386 sanctifioatur
672 1320 788 1385 omnis
818 1339 858 1383 or
879 1337 956 1384 uuo.
1000 1318 1086 1398 Quod
1107 1323 1210 1383 autam

106 1423 264 1504 expiatio
283 1423 392 1488 domus
405 1425 527 1504 potitur,
543 1439 604 1487 non
618 1423 726 1487 domus
740 1423 943 1499 manufactae,
962 1439 1039 1502 quae
1053 1423 1119 1504 ipsa
1134 1425 1211 1484 tam·

105 1524 188 1606 poris
217 1528 368 1590 uetustate
396 1525 522 1589 daoidua
550 1528 607 1605 est,
643 1521 1023 1607 emundatioposaulatu,
1038 1523 1106 1587 ,sed
1134 1525 1212 1586 siout
1254 1590 1256 1592 ,

106 1626 332 1692 soribtum'ost:
354 1644 445 1708 quas
467 1627 593 1691 domus
616 1643 680 1691 uos
701 1638 834 1703 sumus,
856 1625 1015 1706 siusque
1037 1625 1079 1688 ad
1101 1624 1211 1688 finam

105 1725 403 1810 inculpataiidoi
432 1728 570 1793 uirtute
596 1728 768 1807 nitamur,
791 1746 847 1792 noo
868 1728 1018 1791 liminaria
1038 1727 1087 1791 ual
1108 1732 1210 1808 postas
1278 1742 1280 1747 ·

69 1830 197 1912 salignis
212 1834 244 1895 ot
263 1831 415 1913 lapidibus
429 1831 578 1895 instruota
600 1831 688 1895 oooisi
706 1831 824 1912 penoris
845 1831 912 1916 uult
926 1829 1000 1893 dsus
1022 1822 1126 1892 orooro
1141 1844 1212 1896 oon·

106 1932 192 2014 tingi,
222 1950 285 1997 noo
314 1933 409 1997 onim
437 1932 479 1997 da
507 1931 644 1997 talibus
673 1929 683 2011 ll
711 1950 795 1995 oura
824 1936 880 1996 est
908 1932 981 2012 dao,
1010 1932 1064 1995 sad
1092 1931 1291 1995 dioonta108
1323 1962 1324 1965 ¹

105 2033 215 2098 Panlo:
237 2035 353 2100 omnis
375 2035 445 2099 uiri
466 2021 575 2117 oapnt
596 2034 774 2114 Christus,
804 2034 941 2099 Christi
962 2036 1081 2098 autam
1103 2037 1211 2114 caput

106 2134 194 2199 dons
224 2136 404 2218 mystorium
425 2135 521 2200 futuri
541 2135 733 2219 baptismatis
763 2136 857 2200 diuini
878 2135 1034 2219 sanguinis
1064 2134 1210 2199 offusione
1311 2199 1313 2204 .

106 2236 265 2302 ditandum
282 2238 444 2321 prophetat
457 2240 489 2302 in
510 2238 609 2319 nobis,
631 2256 676 2318 ao,
699 2239 777 2302 siout
790 2239 851 2303 iam
874 2239 925 2302 alii
940 2237 1136 2320 oognouistis,
1158 2237 1219 2325 alii

67 2357 93 2396 oo
105 2341 142 2402 ut
151 2340 340 2422 cognoscatis
355 2341 475 2424 optatis,
491 2342 593 2404 omnia
609 2341 668 2422 [in]
684 2359 761 2422 quas
776 2341 916 2404 uidemus
932 2340 1071 2403 audimus
1087 2357 1208 2404 oramus

105 2444 159 2505 aut
172 2441 325 2522 loquimur
339 2442 391 2507 nol
410 2443 443 2506 in
457 2442 595 2525 postibus
611 2435 665 2508 aut
684 2445 717 2507 in
731 2443 920 2507 liminaribus
935 2442 1061 2506 animati
1076 2441 1208 2524 eorporis

105 2542 177 2606 duta
196 2543 265 2608 nult
278 2544 311 2607 in
332 2545 489 2608 iuuoitum
502 2545 597 2609 diuini
620 2545 767 2609 sermonis
783 2546 880 2627 aptari
900 2545 979 2608 idest
992 2557 1053 2608 uon
1066 2543 1099 2607 in
1113 2531 1210 2626 uagos·

104 2644 219 2709 saaouli
232 2651 348 2709 orroros
363 2646 438 2727 rapi,
461 2646 512 2714 sod
527 2647 775 2730 consignantibus
791 2647 796 2723 l
813 2646 899 2711 nobis
921 2647 952 2709 in
966 2646 1096 2729 gloriam
1111 2647 1214 2710 oruois'
1315 2657 1317 2662 ’

102 2743 218 2810 vChristi
239 2746 326 2811 uolut
347 2748 495 2829 sanguina
516 2748 693 2813 inmaculati
715 2751 784 2831 agui
806 2749 926 2812 diuinas
952 2749 1100 2830 passionis
1121 2749 1208 2814 tosti·

64 2865 91 2904 ro
104 2847 245 2911 duodone
259 2849 381 2930 signari,
403 2853 438 2912 ut
452 2849 678 2913 ambulantibus
701 2850 787 2914 nobis
811 2850 847 2914 in
868 2851 1030 2914 nouitate
1052 2851 1155 2914 uitas:
1173 2854 1209 2914 at
1279 2852 1281 2856 '

103 2949 240 3018 nonin
267 2953 477 3014 nest-ostatu
506 2952 653 3015 litteras
683 2957 841 3034 acceptum
868 2953 898 3015 in
929 2952 1054 3017 uictoris
1081 2952 1211 3017 anobis

102 3061 213 3132 oorpus
234 3069 295 3115 non
322 3053 491 3134 appelletur
514 3053 581 3116 iam
607 3057 689 3117 terra
711 3054 824 3118 saeculi
852 3054 906 3119 sad
932 3040 1039 3118 domus
1065 3054 1113 3117 dai
1141 3064 1213 3118 noo

102 3152 365 3228 fornicationis
380 3152 591 3219 habitaculum
612 3156 673 3218 sod
696 3157 796 3238 imago
819 3157 981 3238 oorporis
1005 3155 1149 3220 Christi.

204 3285 319 3342 lExod.
341 3289 424 3351 12,5.
501 3277 616 3342 soll.
638 3286 696 3342 Cor.
719 3291 757 3351 14
778 3292 822 3350 20
846 3291 884 3352 16,
906 3292 950 3351 10;
974 3288 1010 3342 11
1031 3282 1205 3353 Perilli

101 3369 304 3435 ollonnam
375 3374 417 3427 11
416 3370 456 3425 ai
469 3372 547 3426 Exod
561 3371 602 3441 29
614 3376 654 3428 86
723 3374 922 3437 lantonae
994 3372 1205 3440 rolc.,‚0r99

102 3454 334 3520 l'lI.Cor.,.118
403 3456 636 3520 25Rom.i,..46
705 3458 988 3520 2765...,Ι(566613.ι
1123 3461 1125 3465 ’

143 3567 459 3704 labsumerltusffl
424 3627 512 3693 mlin
531 3629 623 3712 mus)
640 3644 688 3681 ras
708 3632 735 3681 ot
750 3627 817 3680 lousa
835 3617 884 3681 dal.
969 3570 1207 3687 Scittiltlttllegr

102 3761 280 3839 rmrruss'rrs
373 3763 482 3835 soso.
501 3781 629 3839 aromo?
731 3785 880 3859 ropores
967 3741 1206 3864 speratas.

94 3896 148 3944 aa.
171 3878 220 3932 oo
306 3883 697 3973 soomruamqoaeloe
722 3881 822 3940 troes.
840 3885 926 3945 ouu-
949 3885 1033 3947 6ι,;ι
1060 3873 1204 3947 aaron.

99 3964 270 4059 dilamulis,
295 3982 346 4036 litt.
366 3994 386 4042 rr
408 3985 436 4037 iu
454 3985 569 4052 margine
587 3985 664 4038 ailina
731 3987 764 4040 25
782 3994 963 4055 sicarum
997 3996 1042 4047 ε
1059 4003 1093 4040 ιιι
1107 3998 1213 4049 utras·

97 4097 148 4136 1·.as
167 4097 259 4137 cunnos
628 4117 630 4119 ·
